4414 4917
645 344 734 398 ιν.
760 346 931 408 κ5-ν.
961 340 1066 408 ι7.]
1848 381 1855 392 ,
1940 324 2313 397 MARCIJ·
3542 350 3662 418 1¹7

317 514 602 565 101264.
649 506 824 568 habet
852 507 1137 568 auferetur
1398 507 1443 542 ⁸⁴
1468 508 1604 568 Sine
1633 507 1912 586 parabola
1939 515 2072 570 aute
2207 519 2269 572 5.
2302 510 2408 572 ¹Et
2427 512 2587 572 uenit
2605 512 2751 572 ultra
2772 512 2832 571 in
2850 531 2910 573 re
2963 511 3008 546 ¹⁰
3028 510 3108 572 Et
3137 512 3557 590 deprecabatur
3691 528 3817 579 rol.
3839 528 3965 581 166.

646 604 723 662 ab
745 603 842 663 illo
967 600 1100 662 “Et
1120 602 1349 662 dicebat
1399 621 1522 661 non
1549 603 1891 680 loquebatur
1918 604 2002 663 eis
2204 606 2380 682 gione
2409 625 2695 684 geraseno
2961 625 3099 666 eum
3127 607 3376 668 multum
3403 618 3470 669 ut

646 699 727 757 sic
758 708 846 758 est
872 714 1119 774 regnum
1149 697 1208 755 di
1399 714 1664 757 seorsum
1694 704 1893 757 tamen
2204 718 2335 758 rum
2358 731 2372 747 ·
2437 698 2553 759 2Et
2581 701 2798 760 exienti
2959 719 3033 760 ne
3063 719 3128 761 se
3155 702 3474 778 expelleret
3595 774 3600 781 ἱ

644 791 1145 869 quemadmodum
1398 790 1695 868 discipulis
1723 791 1840 850 suis
1868 790 1958 851 dis
2202 794 2258 853 ei
2288 794 2360 853 de
2390 795 2529 853 naui
2588 795 2666 854 Et
2695 801 2827 855 stati·
2960 794 3033 853 de
3065 795 3308 871 regione
3332 827 3348 843 ·
3393 795 3433 829 ¹¹
3451 796 3596 855 Erat

643 886 691 945 si
719 885 891 945 iactet
910 884 1092 945 homo
1123 904 1183 945 se
1441 918 1454 931 ·
1476 916 1491 931 ·
1523 886 1746 944 serebat
1773 903 1873 944 eas
1895 911 1976 936 m
2202 889 2449 947 occurrit
2476 889 2529 948 ei
2558 888 2743 947 homo
2957 897 3154 948 autem
3182 889 3260 947 ibi
3289 889 3445 949 circa
3473 901 3610 949 m0n

642 998 783 1038 men
809 980 868 1039 in
899 988 1110 1039 terram
1170 976 1307 1036 „Et
1346 977 1377 1015 *
1397 978 1617 1037 ³³Etait
1634 978 1767 1038 illis·
1798 979 1859 1037 in
1878 979 1971 1039 illa
1989 979 2079 1039 die
2202 981 2276 1041 de
2304 983 2702 1042 monumentis
2957 990 3076 1040 tem
3135 1000 3280 1058 grex
3308 1001 3492 1059 porco

642 1074 975 1133 obdormiat
1034 1083 1090 1132 et
1117 1092 1191 1132 ex
1346 1070 1377 1106 *
1398 1092 1532 1133 cum
1551 1092 1680 1134 sero
1701 1083 1855 1134 esset
2199 1075 2263 1134 in
2291 1081 2401 1152 spu
2422 1077 2704 1136 inmundo
2725 1108 2739 1123 ·
2955 1092 3085 1133 rum
3114 1076 3431 1136 multorum

645 1176 845 1244 surgat
870 1177 1045 1227 nocte
1072 1175 1130 1226 et
1160 1167 1253 1226 die
1284 1199 1297 1212 ·
1345 1165 1376 1201 *
1396 1167 1615 1228 factum
1642 1178 1836 1228 transe
2200 1169 2224 1203 ³
2240 1171 2339 1247 qui
2370 1170 2725 1230 domicilium
2753 1170 2831 1230 ha
2956 1170 3323 1245 pascentium
3346 1201 3361 1217 ·
3421 1170 3467 1206 ¹⁹
3480 1170 3561 1231 Et

643 1273 702 1322 et
731 1279 931 1322 semen
955 1262 1237 1339 germinet
1290 1306 1297 1317 .
1348 1261 1378 1294 *
1399 1279 1567 1323 amus
1594 1263 1742 1322 ultra
1764 1294 1778 1310 ·
1822 1263 1866 1296 ³⁶
1881 1263 1959 1321 Et
1988 1262 2045 1321 di
2201 1265 2376 1323 bebat
2403 1265 2465 1323 in
2494 1282 2680 1324 monu
2957 1261 3417 1339 deprecabantur

645 1367 704 1416 et
731 1365 952 1417 crescat
1010 1356 1149 1416 dum
1179 1374 1254 1414 ne
1397 1357 1630 1417 mittunt
1659 1358 1889 1416 turbam
1910 1388 1925 1403 ·
2200 1369 2404 1418 mento
2429 1390 2443 1406 ·
2504 1358 2582 1417 Et
2609 1376 2801 1436 neque
2955 1373 3094 1415 eum
3124 1361 3226 1433 sps
3254 1357 3517 1420 dicentes

646 1451 755 1511 scit
776 1450 867 1509 ille
891 1482 906 1497 ·
949 1447 993 1483 ¹⁸
1009 1448 1158 1508 ultro
1186 1456 1284 1508 eni
1397 1451 1475 1509 Et
1503 1459 1856 1532 acceperunt
1886 1461 2009 1509 eu‘·
2200 1452 2464 1512 cathenis
2495 1453 2791 1531 quisqua-
2955 1451 3118 1509 mitte
3146 1469 3259 1510 nos
3286 1451 3348 1510 in
3376 1470 3490 1529 por

646 1555 794 1606 terra
824 1544 1129 1603 fructificat
1395 1545 1474 1604 ita
1501 1554 1563 1604 ut
1590 1554 1753 1604 erant
1781 1545 1843 1604 in
1871 1544 2007 1604 naui
2026 1576 2041 1591 ·
2199 1555 2431 1623 poterat
2458 1564 2594 1605 eum
2622 1546 2803 1623 ligare
2954 1561 3061 1604 cos
3120 1555 3184 1603 ut
3204 1545 3265 1603 in
3291 1565 3394 1606 eos
3421 1548 3577 1609 intro

644 1640 898 1717 primum
928 1638 1171 1697 herbam
1191 1668 1204 1684 ·
1395 1650 1454 1700 et
1480 1640 1693 1700 multae
1722 1637 1894 1698 simul
1922 1657 2000 1698 na
2199 1640 2520 1719 ‘quoniam
2549 1658 2686 1718 sepe
2717 1659 2833 1700 con
2955 1656 3161 1698 eamus
3183 1671 3198 1686 ·
3242 1639 3286 1672 ¹⁸
3301 1640 3381 1700 Et
3409 1648 3542 1701 stati

649 1731 859 1794 deinde
889 1733 1113 1809 spicam
1136 1762 1150 1778 ·
1211 1731 1283 1791 de
1394 1751 1499 1793 ues
1527 1743 1692 1793 erant
1720 1751 1856 1793 cum
1882 1732 1980 1792 illo
2196 1733 2382 1811 pedes
2444 1743 2502 1794 et
2529 1733 2807 1796 cathenas
2953 1733 3212 1809 permisit
3238 1733 3346 1793 illis
3375 1734 3465 1794 ihs
3489 1767 3505 1783 ·

646 1827 783 1886 inde
811 1826 1049 1904 plenum
1076 1844 1183 1902 gra
1394 1825 1439 1861 ⁸⁷
1457 1826 1533 1886 Et
1560 1828 1713 1886 facta
1740 1836 1827 1886 est
1856 1824 2056 1903 procel
2198 1828 2408 1906 quibus
2435 1828 2645 1905 ligatus
2672 1829 2782 1890 fuis
2952 1825 3030 1885 Et
3057 1837 3336 1888 exeuntes
3365 1830 3548 1907 spiriti

648 1940 793 1980 num
820 1922 880 1980 in
910 1921 1073 1998 spica
1096 1952 1110 1967 ·
1135 1951 1149 1966 ·
1208 1917 1252 1953 ²⁹
1269 1919 1347 1979 Et
1396 1920 1454 1981 la
1481 1940 1698 1999 magna
1724 1920 1886 1980 uenti
2197 1932 2287 1982 set
2351 1922 2685 2000 disrupisset
2952 1919 3219 1980 inmundi
3236 1953 3252 1969 ·
3312 1923 3468 1984 intro

646 2034 784 2076 cum
805 2015 1142 2093 produxerit
1397 2025 1456 2074 et
1482 2015 1691 2075 fluetus
1718 2015 1882 2075 mitte
2196 2027 2255 2076 et
2283 2018 2720 2076 comminuisset
2743 2050 2758 2065 ·
2950 2014 3138 2074 ierunt
3165 2014 3227 2074 in
3253 2034 3468 2094 porcos
3486 2050 3501 2066 ·

645 2109 894 2169 fructum
923 2109 1114 2167 statim
1396 2110 1497 2169 bat
1524 2110 1584 2167 in
1611 2127 1826 2167 nauem
1885 2109 1966 2167 ita
2195 2128 2308 2169 nec
2337 2110 2644 2188 quisquam
2674 2129 2786 2189 pos
2951 2117 3011 2167 et
3041 2126 3265 2187 magno
3291 2112 3517 2190 impetu

649 2205 831 2263 mittet
859 2203 1064 2262 falcem
1085 2234 1098 2248 ·
1160 2208 1303 2280 qfim
1396 2212 1460 2262 ut
1488 2202 1752 2281 impleret
1780 2207 1930 2262 naue
1949 2234 1964 2249 ·
2197 2213 2286 2263 set
2312 2222 2447 2263 eum
2474 2205 2724 2282 amplius
2952 2220 3096 2279 grex
3124 2206 3465 2282 precipitati-1

647 2298 812 2358 adest
838 2297 1044 2356 messis
1062 2330 1143 2338 —
1395 2297 1439 2331 ⁸⁸
1457 2298 1534 2356 Et
1561 2306 1684 2358 erat
1710 2298 1835 2375 ipse
1864 2298 1925 2355 in
1955 2314 2075 2375 pup
2195 2299 2430 2359 uincere
2449 2330 2464 2346 ·
2508 2298 2720 2360 “nocte
2952 2306 3041 2356 est
3069 2297 3130 2356 in
3159 2317 3321 2358 mare
3350 2300 3426 2360 ad
3455 2301 3574 2363 dua

648 2391 779 2451 ”Et
794 2391 1025 2451 dicebat
1046 2421 1061 2437 ·
1106 2390 1199 2450 cui
1221 2388 1349 2450 adsi
1398 2412 1475 2471 pe
1503 2410 1676 2471 supra
1704 2391 1947 2470 puluinfi
2199 2403 2395 2453 autem
2423 2402 2481 2453 et
2509 2393 2599 2453 die
2622 2395 2684 2454 in
2787 2467 2792 2472 .
2934 2391 3113 2453 ‚milia
3135 2424 3150 2440 ·
3210 2402 3270 2453 et
3296 2392 3525 2457 suffoca

647 2525 940 2584 milabitur
958 2530 1142 2600 regnu
1172 2524 1231 2583 di
1245 2558 1329 2567 —
1399 2525 1696 2586 dormiens
1716 2556 1730 2571 ·
1774 2533 1832 2583 et
1858 2523 1988 2584 exci
2200 2527 2499 2586 montibus
2525 2536 2581 2586 et
2609 2528 2763 2588 inmo
2950 2526 2990 2585 ti
3020 2536 3156 2586 sunt
3181 2526 3243 2586 in
3276 2545 3433 2589 mare
3457 2560 3473 2577 ·

649 2630 747 2679 aut
775 2621 837 2678 in
865 2637 1044 2697 quam
1073 2620 1296 2696 parabo
1398 2629 1588 2679 tantes
1616 2637 1751 2679 eum
1780 2618 1979 2678 dicunt
2001 2648 2016 2664 ·
2060 2657 2070 2668 -
2204 2622 2498 2680 numentis
2525 2632 2648 2680 erat
2942 2618 3110 2694 ¹⁴Qui
3119 2632 3315 2682 autem
3337 2625 3654 2701 pasceb⁸nt

651 2714 768 2773 lam
796 2714 1267 2790 comparabimus
1400 2716 1677 2792 magister
1702 2732 1827 2773 non
1855 2712 1933 2772 ad
2204 2713 2548 2774 exclamans
2576 2724 2634 2774 et
2663 2733 2781 2775 con
2944 2733 3049 2776 eos
3078 2715 3346 2792 fugerunt
3374 2728 3433 2778 et

651 2808 793 2868 illud
817 2840 832 2855 ·
909 2807 952 2840 ³¹
973 2807 1135 2866 Sicut
1161 2813 1350 2884 grant-1
1398 2818 1455 2868 te
1477 2810 1725 2886 pertinet
1752 2807 1914 2885 quod
2204 2807 2404 2868 cidens
2434 2826 2497 2867 se
2524 2808 2912 2886 lapidibus—
2944 2811 3422 2872 renuntiauerant

655 2902 872 2981 sinapis
900 2901 1062 2980 quod
1091 2919 1226 2960 cum
1400 2921 1709 2980 pereamus
1732 2934 1747 2949 ·
1792 2902 1837 2936 ³⁹
1855 2911 1912 2961 et
1941 2918 2015 2961 ex
2204 2900 2467 2961 ⁶Uidens
2496 2913 2690 2962 autem
2720 2904 2842 2963 ihm
2941 2902 3004 2961 in
3033 2903 3325 2965 ciuitatem
3382 2916 3441 2967 et

655 2998 1002 3056 seminatum
1030 3005 1119 3055 est
1146 2996 1207 3054 in
1404 3014 1648 3074 surgens
1677 2996 1898 3056 commi
2205 3014 2242 3055 a
2270 2995 2447 3074 longe
2507 2997 2762 3057 adcucur
2943 2997 3004 3056 in
3033 3015 3209 3074 agros
3232 3030 3248 3046 ·
3318 3000 3397 3060 Et
3423 3001 3486 3062 in

650 3100 859 3151 terram
921 3091 1198 3149 minimus
1403 3100 1574 3150 natus
1603 3099 1691 3151 est
1716 3098 1899 3149 uento
1921 3120 1936 3135 ·
2204 3090 2277 3149 rit
2303 3100 2361 3149 et
2388 3090 2651 3151 adorauit
2679 3103 2804 3151 eu*
2944 3092 3126 3168 gressi
3155 3102 3291 3153 sunt
3318 3094 3456 3156 uide

650 3194 737 3245 est
763 3185 1040 3245 omnibus
1070 3184 1203 3243 simi
1403 3195 1462 3244 et
1489 3185 1635 3243 mari
1664 3185 1806 3243 dixit
1862 3183 1964 3246 sile
2205 3184 2324 3244 ''Et
2351 3185 2690 3246 exclamans
2718 3205 2870 3247 uoce
2944 3203 3006 3245 re
3035 3186 3174 3263 quid
3203 3198 3357 3248 esset
3387 3190 3480 3251 fac

651 3280 821 3338 nibus
851 3296 1000 3357 quae
1029 3287 1162 3337 sunt
1190 3278 1250 3336 in
1404 3289 1799 3339 commutesce
1856 3289 1915 3339 et
2205 3297 2424 3356 magna
2452 3279 2595 3338 dixit
2688 3279 2829 3358 quid
2944 3288 3068 3338 tum
3092 3310 3107 3326 ·
3151 3279 3197 3314 ¹⁶
3213 3291 3272 3341 et
3298 3284 3542 3346 ueniunt

652 3382 864 3432 terram
884 3404 899 3419 ·
964 3369 1009 3406 ⁸²
1026 3373 1104 3431 Et
1132 3389 1270 3431 cum
1402 3374 1649 3433 cessauit
1674 3383 1883 3432 uentus
1902 3405 1917 3420 ·
2204 3373 2347 3431 mihi
2375 3383 2434 3432 et
2461 3373 2563 3432 tibi
2591 3373 2690 3433 ihu
2720 3375 2758 3432 fi
2942 3373 3021 3431 ad
3054 3374 3173 3433 ihm
3197 3381 3211 3445 ξ
3259 3385 3316 3434 et
3336 3376 3539 3438 uident

652 3466 890 3527 creuerit
952 3467 1016 3526 fit
1042 3466 1233 3526 maius
1402 3477 1460 3528 et
1488 3467 1642 3526 sacta
1669 3478 1758 3527 est
1792 3468 2039 3544 tranquil
2203 3466 2241 3525 li
2271 3466 2332 3525 di
2359 3466 2571 3525 summi
2591 3498 2606 3513 ·
2671 3467 2805 3526 adiu
2941 3465 3101 3525 illum
3131 3468 3231 3544 qui
3259 3486 3295 3526 a
3323 3469 3501 3530 demo

650 3561 922 3621 omnibus
949 3560 1197 3621 holerib⁵
1221 3592 1235 3606 ·
1401 3561 1533 3622 litas
1560 3579 1776 3638 magna
1799 3592 1814 3607 ·
1855 3560 1903 3596 ⁴⁰
1918 3562 1996 3620 Et
2024 3563 2101 3621 ait
2203 3578 2272 3620 ro
2303 3570 2357 3619 te
2387 3579 2490 3638 per
2517 3560 2617 3618 (ἰῶ
2645 3579 2721 3620 ne
2748 3580 2845 3621 me
2941 3559 3042 3618 nio
3070 3562 3392 3621 uexabatur
3420 3580 3485 3623 se

650 3664 708 3714 et
734 3654 871 3715 facit
898 3673 1095 3714 ramos
1122 3672 1263 3731 mag
1402 3656 1510 3716 illis
1568 3655 1709 3732 quid
1735 3654 1918 3714 timidi
2204 3665 2479 3732 torqueas
2502 3685 2516 3701 ·
2538 3686 2553 3701 ·
2616 3652 2638 3687 ⁸
2656 3653 2804 3713 Dice
2942 3652 3181 3714 dentem
3244 3664 3302 3715 et
3329 3659 3479 3717 uesti

651 3767 763 3810 nos
825 3749 904 3808 ita
930 3758 993 3807 ut
1019 3749 1249 3826 possint
1401 3750 1509 3809 etis
1567 3748 1838 3808 habetote
2205 3750 2305 3808 bat
2339 3749 2498 3807 enim
2525 3748 2603 3806 illi
2631 3748 2721 3808 ihs
2745 3780 2760 3794 ·
2940 3756 3065 3806 tum
3127 3757 3186 3808 et
3212 3767 3359 3810 sana
3385 3768 3525 3810 men

651 3844 759 3903 sub
786 3844 993 3901 umbra
1020 3844 1143 3901 eius
1402 3844 1578 3903 fidem
1602 3874 1617 3890 ·
1677 3851 1736 3902 et
1762 3843 1939 3902 timue
2203 3843 2298 3902 exi
2328 3842 2522 3919 spirite
2543 3843 2750 3900 inmun
2940 3841 3012 3899 tis
3074 3851 3132 3901 et
3158 3843 3474 3902 timuerunt
3493 3874 3508 3891 ·

650 3936 835 3997 haues
862 3937 970 3997 celi
996 3936 1255 3996 inhabita
1401 3947 1534 3998 runt
1563 3954 1784 4013 magno
1811 3938 1956 3996 timo
2204 3937 2276 3995 de
2294 3937 2371 3994 ab
2389 3934 2630 3995 homine
2651 3966 2665 3982 ·
2692 3967 2707 3983 ·
2729 3968 2742 3982 ·
2768 3936 2790 3969 ⁹
2809 3935 2888 3994 Et
2939 3934 2982 3968 ¹⁶
2999 3932 3397 3996 Narrauerunt
3424 3943 3560 3999 aute

652 4049 714 4091 re
737 4063 753 4079 ·
778 4062 793 4078 ·
840 4030 885 4064 ⁸³
906 4031 1112 4090 talibus
1141 4031 1263 4089 mul
1401 4052 1463 4092 re
1484 4064 1499 4079 ·
1564 4031 1642 4089 Et
1669 4030 1941 4091 dicebant
2203 4031 2561 4089 interrogauit
2587 4047 2724 4088 eum
2938 4027 3048 4087 illis
3076 4029 3176 4106 qui
3201 4028 3468 4090 uiderant

652 4127 723 4186 tis
750 4124 1040 4203 parabolis
1067 4125 1125 4184 lo
1401 4126 1477 4186 ad
1506 4126 1837 4185 alterutrum
1860 4156 1875 4171 ·
2010 4135 2017 4143 ’
2203 4124 2365 4202 quod
2392 4124 2495 4184 tibi
2526 4137 2747 4183 nomen
2938 4121 3179 4199 qualiter
3199 4121 3417 4182 factum

654 4222 937 4298 quebatur
964 4219 1047 4278 eis
1075 4238 1181 4280 uer
1401 4221 1532 4299 quis
1561 4229 1648 4280 est
1673 4228 1845 4296 putas
1871 4220 1978 4277 iste
2203 4228 2294 4279 est
2312 4250 2325 4266 ·
2397 4228 2457 4278 et
2482 4216 2780 4295 respondit
2937 4226 3024 4276 est
3052 4217 3105 4276 ei
3134 4217 3232 4294 qui
3263 4216 3544 4279 demonit'i

652 4315 791 4373 bum
815 4345 830 4361 ·
890 4323 1064 4391 prout
1089 4324 1229 4393 pote
1402 4315 1495 4374 cui
1523 4331 1684 4373 mare
1713 4321 1771 4372 et
1797 4313 1956 4373 uenti
2203 4324 2294 4373 est
2321 4312 2463 4372 mihi
2490 4329 2710 4371 nomen
2936 4307 3215 4371 habuerat
3276 4319 3334 4370 et
3363 4310 3438 4373 de
3467 4331 3576 4392 por

655 4416 780 4466 rant
807 4407 1005 4467 audire
1401 4408 1722 4469 obaudiunt
1742 4439 1756 4454 ·
2205 4407 2361 4486 legio
2389 4404 2695 4485 quiamulti
2704 4422 2904 4466 sumus
2937 4403 3020 4464 cis
3042 4436 3057 4452 ·
3123 4405 3168 4439 ¹⁷
3182 4405 3261 4466 Et
3285 4424 3495 4486 rogare
