4414 4917
953 426 1038 487 50

953 2281 1011 2316 ΙΟ

949 2929 1002 2977 ¹5

944 3574 1004 3608 20

1592 412 2120 470 FRAGMENTA
2184 412 2889 473 UINDOBONENSIA
2945 401 3029 492 (s)

1497 658 1708 723 Tertii
1748 660 2193 741 quaternionis
2220 657 2470 739 folium
2516 669 2812 723 octauum
2860 654 3120 745 (uerso).

1844 869 1986 933 Fol.
2036 871 2119 946 46
2149 892 2188 933 a
2234 867 2496 953 (Belslt.‚
2565 869 2754 955 le.).

1476 1091 1645 1157 (θεὼ
1691 1095 2069 1158 hominibus
2115 1095 2380 1177 quidem
2430 1094 2782 1177 reprobatu

1475 1247 1514 1287 a
1559 1223 1648 1287 do
1693 1234 1913 1286 autem
1962 1224 2244 1286 electum
2293 1235 2357 1287 et
2404 1222 2762 1289 honorifica

1470 1361 1612 1414 tum
1661 1351 1773 1415 ⁵et
1819 1374 1937 1414 uos
1983 1361 2325 1434 tamquam
2372 1350 2627 1433 lapides
2671 1351 2802 1415 uiui

1475 1480 2125 1562 superaedisecamini
2176 1481 2242 1543 in
2290 1481 2569 1543 domum
2619 1481 2719 1564 spi

1468 1608 1682 1673 ritual⁶
1729 1610 1793 1673 in
1839 1610 2279 1673 sacerdotium
2328 1616 2466 1672 scm
2514 1609 2643 1672 offe

1471 1748 1689 1802 rentes
1734 1739 2060 1822 spiritales
2106 1739 2354 1801 hostias
2400 1738 2844 1821 acceptabiles

1471 1868 1558 1930 df>
1603 1888 1720 1951 per
1766 1867 1906 1930 ihm
1956 1876 2118 1948 xpm
2167 1866 2192 1902 ⁶
2220 1877 2494 1948 propter
2539 1869 2718 1948 quod
2769 1888 2895 1931 con

1473 1998 1641 2060 tinet
1687 1997 2010 2061 scribtura
2059 2030 2071 2043 ·
2124 1997 2300 2060 Ecce
2344 1992 2580 2081 p(ono)
2627 1997 2692 2059 in

1468 2126 1609 2189 sion
1656 2126 1946 2209 lapidem
1995 2147 2328 2190 summum
2373 2121 2814 2211 (angularem)

1474 2256 1757 2319 electum
1806 2256 2209 2337 praetiosum
2256 2267 2322 2320 et
2369 2255 2581 2317 omnis
2627 2257 2740 2337 qui

1467 2385 1817 2449 crediderit
1864 2385 1925 2448 in
1973 2405 2052 2448 eo
2101 2404 2232 2447 non
2284 2382 2725 2448 confundetur
2769 2418 2782 2433 ·

1294 2512 1315 2548 ⁷
1343 2514 1555 2577 Uobis
1602 2516 1798 2595 igitur
1844 2514 2057 2578 honor
2102 2514 2519 2578 credentibus
2565 2534 2695 2578 non

1463 2645 1884 2709 credentibus
1932 2654 2153 2707 autem
2203 2644 2370 2728 lapis
2546 2646 2662 2708 iste

1464 2795 1660 2856 quem
1708 2775 2224 2856 reprobauerunt
2270 2772 2650 2838 edificantes

1465 2904 1571 2967 hle
1616 2904 1824 2968 factus
1869 2915 1969 2968 est
2014 2905 2076 2966 in
2126 2914 2326 2985 caput
2372 2900 2725 2986 anguli⁸ct
2773 2903 2836 2965 la

1468 3034 1567 3115 pis
1611 3033 1985 3097 offensionis
2029 3044 2094 3096 et
2144 3044 2332 3114 petra
2374 3033 2665 3098 scandali

1460 3161 1570 3242 qui
1620 3161 1961 3224 offendunt
2013 3161 2286 3223 uerbum
2335 3181 2453 3226 nec
2500 3180 2607 3223 cre

1457 3289 1626 3352 dunt
1671 3289 1738 3350 in
1786 3308 1917 3370 quo
1964 3297 2031 3352 et
2079 3289 2275 3369 positi
2320 3300 2471 3352 sunt
2519 3322 2532 3336 ·
2580 3288 2750 3352 ”uos

1459 3426 1682 3480 autem
1730 3437 1937 3498 genus
1983 3414 2260 3480 electum
2312 3416 2595 3498 regalem

1463 3545 1905 3609 sacerdotium
1954 3565 2113 3628 gens
2161 3554 2274 3607 sca‘
2318 3543 2603 3626 populus
2651 3546 2734 3608 ad

1457 3674 1830 3756 quisitionis
1877 3694 2009 3754 quo
2057 3674 2335 3737 uirtutes
2380 3674 2699 3736 adnuntie

1453 3805 1537 3866 tis
1585 3802 1723 3865 eius
1770 3803 1880 3883 qui
1930 3802 2012 3863 de
2059 3801 2347 3864 tenebris
2393 3823 2512 3863 uos
2561 3822 2727 3866 uoca

1458 3932 1553 3993 uit
1684 3932 1767 3993 ad
1865 3929 2255 3993 admirabile
2302 3927 2523 3992 lumen

1451 4079 1642 4122 suum
1693 4057 1871 4140 ¹⁸'qui
1919 4058 2275 4139 aliquando
2323 4078 2451 4120 non
2500 4079 2679 4139 popu

1454 4187 1554 4249 lus
1603 4207 1770 4251 nunc
1819 4197 2040 4250 autem
2090 4186 2371 4268 populus
2423 4182 2549 4272 [di]

3053 1000 3079 1044 1
3138 982 3309 1045 Petr.
3356 980 3417 1045 ii.
3463 998 3655 1058 4-10,
