4414 4917
842 315 923 381 82

524 496 650 555 ποι.
674 497 790 557 101.
837 487 976 565 quia
1002 485 1262 547 esurietis
1290 518 1305 536 ·

837 579 968 640 Uae
998 581 1167 640 uobis
1196 580 1296 657 qui

835 675 1033 734 ridetis
1063 693 1219 734 nunc
1289 675 1428 754 quia

833 768 1103 846 lugebitis
1132 779 1188 829 et
1215 768 1424 829 flebitis
1448 800 1463 816 ·

2201 318 2442 382 SECD
2466 351 2480 366 ·

1591 490 1833 564 speratis
1860 507 1971 549 uos
1998 508 2062 550 re

1589 582 1781 660 cipere
1840 602 1992 660 quae
2020 603 2124 660 gra

1586 677 1665 734 tia
1695 686 1783 736 est
1808 679 1979 737 uobis
2003 709 2018 724 ·
2078 689 2192 737 n0n

1585 789 1660 829 ne
1688 780 1746 830 et
1775 782 2107 848 peccatorsss

835 862 1159 923 ²‘Uaecum
1175 882 1285 923 uos
1303 864 1557 923 benedix
1584 866 1993 942 peccatoribus
2024 866 2079 926 fe

834 958 1015 1019 serint
1042 976 1249 1018 omnes
1276 959 1438 1018 homi

834 1069 941 1112 nes
961 1083 976 1098 ·
1036 1052 1373 1111 Secundum

836 1144 983 1205 haec
1014 1146 1228 1206 sacient
1256 1156 1313 1205 et
1342 1164 1487 1223 speo

835 1239 1158 1317 doprosetis
1187 1253 1379 1317 patres

833 1353 1040 1394 eorum
1059 1366 1073 1381 ·
1124 1332 1168 1368 ¹⁷
1189 1334 1306 1394 Sed
1332 1352 1411 1393 uo

836 1429 926 1489 bis
955 1429 1089 1489 dico
1117 1430 1218 1505 qui
1246 1428 1382 1487 audi

833 1523 907 1581 tis
1018 1521 1238 1599 diligite
1266 1524 1431 1581 inimi

835 1635 939 1676 cos
966 1628 1192 1678 uestros
1216 1648 1230 1663 ·
1291 1617 1453 1677 Bene

832 1710 1004 1771 facite
1034 1712 1123 1770 his
1153 1712 1252 1788 qui
1280 1729 1390 1771 uos

833 1803 1082 1867 oderunt
1105 1837 1118 1851 ·
1177 1803 1220 1837 ²⁸
1241 1805 1403 1865 Bene
1428 1790 1512 1866 5ῗὶ

830 1899 1004 1959 dicite
1041 1900 1366 1958 maledicen
1416 1870 1518 1971 :iffi

829 2003 918 2052 tes
945 2011 1055 2051 uos
1074 2024 1088 2039 ·
1162 1993 1340 2052 Orate
1369 2004 1467 2070 pr⁰

828 2086 1317 2146 calumniantibus

829 2198 942 2239 uos
960 2212 974 2227 ·
1018 2181 1062 2215 ²⁹
1082 2181 1155 2238 Et
1183 2181 1283 2258 qui
1312 2192 1368 2241 te
1397 2200 1501 2259 per

830 2275 1072 2334 eusserit
1101 2276 1160 2333 in
1190 2293 1327 2333 max

828 2368 1016 2428 sillam
1044 2369 1222 2446 prebe
1252 2370 1304 2427 ei

829 2510 888 2560 et
914 2500 1151 2559 alteram
1172 2532 1186 2547 ·
1231 2501 1307 2568 Et
1335 2507 1409 2560 eil

827 2596 928 2673 qui
958 2594 1143 2655 aufert
1172 2596 1273 2655 tibi
1302 2606 1363 2654 tu

1583 969 1791 1019 nerant
1816 970 1880 1019 ut
1907 961 2023 1020 reci

1585 1054 1747 1130 piant
1767 1085 1780 1101 ·
1826 1054 2111 1114 ”Uerum

1585 1158 1782 1208 tamen
1811 1158 2000 1208 amate
2023 1150 2104 1207 ini

1584 1243 1772 1302 micos
1799 1254 2023 1303 uestros
2046 1276 2060 1291 ·

1585 1348 1641 1395 et
1670 1336 1993 1397 benefacite
2023 1337 2099 1395 Et

1584 1440 1852 1489 mutuum
1882 1431 2013 1492 date
2035 1463 2049 1478 ·

1582 1524 1724 1583 nihil
1754 1525 2039 1602 desperari

1582 1627 1670 1677 tes
1712 1628 1770 1678 et
1798 1620 1906 1678 erit
1935 1637 2163 1679 merces

1582 1721 1774 1771 uestra
1802 1712 1985 1772 multa
2004 1744 2018 1758 ·
2082 1712 2159 1771 Et

1582 1807 1737 1865 eritis
1767 1806 1845 1864 fili
1875 1807 2054 1866 altissi

1580 1902 1699 1957 mi·
1764 1901 1902 1977 quia
1928 1902 2055 1978 ipse
2084 1918 2152 1960 su

1580 1995 1703 2054 auis
1731 2004 1818 2053 est
1839 2026 1853 2040 ·
1916 2012 2091 2072 super
2122 1995 2182 2053 in

1578 2099 1774 2165 gratos
1804 2098 1863 2147 et
1890 2088 2076 2147 malos
2101 2120 2114 2134 ·

1578 2183 1622 2215 ³⁶
1643 2193 1826 2242 estote
1855 2183 2156 2242 misericor

1579 2277 1683 2336 des
1712 2278 1860 2335 sicut
1889 2286 1944 2335 et
1973 2286 2138 2352 pater

1575 2380 1768 2429 uester
1788 2370 2117 2429 misericors

1577 2512 1699 2561 est·
1770 2511 1828 2561 et
1855 2502 2006 2561 mise

1619 2606 1870 2655 -e-retur
1909 2622 2010 2647 σω

829 2690 1023 2748 nicam
1053 2700 1212 2748 tuam
1263 2689 1341 2748 Et
1369 2707 1447 2765 pa
1514 2688 1544 2723 ¹⁸¹
1566 2687 1608 2722 ⁸⁷
1627 2689 1822 2749 Nolite
1852 2689 2109 2749 iudicare

828 2781 983 2841 leum
1013 2784 1135 2842 noli
1163 2784 1413 2859 prohibe
1515 2781 1545 2816 ¹⁸¹
1568 2793 1625 2841 et
1654 2783 1727 2842 de
1755 2784 1929 2842 uobis
1961 2801 2084 2841 non
2114 2785 2174 2841 iu

826 2894 888 2935 re
908 2906 922 2921 ·
966 2876 1010 2908 ⁸¹
1027 2875 1104 2934 Et
1124 2886 1298 2952 prout
1325 2876 1425 2934 uul

830 2969 902 3028 tis
929 2979 994 3027 ut
1022 2968 1237 3027 saciant
1264 2986 1344 3028 uo

825 3062 917 3120 bis
944 3062 1213 3122 homines
1237 3094 1251 3108 ·
1317 3061 1427 3122 faci

824 3165 881 3216 te
910 3155 1020 3214 illis
1047 3173 1157 3215 uos
1187 3156 1359 3215 simili

825 3260 911 3310 ter
930 3282 944 3297 ·
988 3247 1033 3282 ⁸²
1049 3250 1125 3308 Et
1154 3251 1202 3309 si
1231 3249 1467 3326 diligitis

804 3335 926 3405 *eos
956 3346 1057 3423 qui
1085 3363 1193 3404 uos
1213 3344 1461 3420 diligunt
1487 3375 1501 3390 ·

818 3458 972 3518 quae
999 3440 1170 3499 uobis
1200 3439 1385 3515 gratia

817 3553 959 3593 nam
986 3543 1045 3593 et
1074 3543 1411 3611 peccatores

817 3628 1126 3704 diligentes
1156 3646 1218 3686 se
1242 3627 1340 3687 dili

815 3733 963 3799 gunt
983 3753 998 3770 ·
1042 3722 1085 3755 ³³
1106 3721 1185 3780 Et
1213 3722 1262 3781 si
1290 3722 1443 3781 bene

814 3815 1065 3876 feceritis
1094 3815 1184 3874 his
1213 3816 1313 3893 qui

814 3912 989 3971 uobis
1017 3910 1392 3969 benefaciunt

813 4023 964 4084 quae
992 4005 1159 4065 uobis
1188 4004 1373 4081 gratia

814 4110 900 4159 est
925 4131 939 4149 ·
1005 4118 1145 4158 nam
1174 4107 1230 4158 et
1259 4113 1443 4174 pecca

812 4205 967 4254 tores
995 4192 1143 4253 haec
1170 4192 1388 4253 faciunt
1413 4222 1427 4238 ·

1577 2876 1861 2935 dicabitur
1887 2908 1901 2923 ·
1975 2876 2152 2936 nolite

1577 2971 1968 3029 condemnare
2039 2980 2097 3028 et
2126 2988 2249 3029 non

1576 3064 2051 3123 condemnamini
2072 3096 2086 3112 ·
2154 3064 2213 3124 di

1573 3158 1779 3217 mittite
1848 3167 1907 3216 et
1937 3157 2246 3216 dimittemi

1574 3252 1632 3309 ni
1658 3283 1671 3296 ·
1715 3250 1758 3283 ³⁸
1776 3250 1909 3310 date
1937 3260 1995 3309 et
2025 3251 2255 3311 dabitur

1571 3347 1742 3405 uobis
1767 3376 1780 3392 ·
1841 3362 2176 3405 mensuram

1569 3440 1791 3498 bonam
1822 3439 2144 3498 confertam

1571 3545 1929 3593 commotam
1960 3551 2132 3610 super

1570 3628 1886 3687 efluentem
1916 3628 2140 3686 dabunt

1569 3723 1629 3780 in
1660 3723 1853 3781 sinum
1882 3731 2136 3781 uestrum
2162 3752 2176 3767 ·

1567 3818 1775 3876 eadem
1803 3834 2077 3876 mensura

1566 3930 1683 3990 qua
1716 3912 1906 3970 mensi
1935 3911 2092 3968 eritis
2122 3928 2220 3969 me

1564 4006 1734 4064 tietur
1762 4005 1933 4065 uobis
1954 4035 1967 4051 ·
2011 4004 2056 4037 ⁸⁹
2076 4003 2223 4064 Dice

1562 4100 1661 4158 bat
1682 4109 1876 4158 autem
1906 4097 2014 4155 illis
2042 4109 2099 4156 et
2118 4099 2248 4157 simi

1561 4192 1861 4251 litudinem
1886 4223 1899 4237 ·
1973 4189 2134 4249 Num

811 4287 855 4321 ³⁴
876 4287 953 4347 Et
982 4288 1030 4345 si
1061 4296 1326 4345 mutuum
1359 4285 1508 4346 dede
1559 4287 1703 4365 quid
1729 4295 1924 4362 potest
1951 4301 2163 4345 caecus

811 4383 931 4443 ritis
962 4382 1051 4440 his
1071 4412 1084 4426 ·
1151 4398 1186 4438 a
1214 4380 1425 4454 quibus

1560 4398 1802 4442 caecum
1833 4379 2045 4438 ducere
2065 4409 2077 4423 ·

2391 508 2592 549 nonne
2621 491 2798 548 ambo
2828 489 2888 546 in
2916 488 2977 548 fo
3048 486 3124 546 Et
3145 485 3343 547 Malus
3362 486 3546 546 homo
3567 488 3640 547 de
3662 506 3761 549 ma

2390 603 2564 643 ueam
2595 584 2808 644 cadent
2828 614 2842 630 ·
3139 582 3200 642 lo
3228 582 3542 642 thensauro
3570 601 3671 642 cor

2388 678 2434 711 ⁴⁰
2451 698 2574 738 non
2603 689 2691 737 est
2720 677 3034 756 discipulus
3141 676 3232 735 dis
3262 677 3349 734 sui
3388 676 3607 753 profert
3635 695 3734 736 ma

2390 791 2565 849 super
2592 773 2934 849 magistrum
2955 803 2969 818 ·
3141 769 3197 827 la
3217 801 3230 815 ·
3292 769 3384 827 Ex
3413 770 3774 831 abundantia

2389 867 2678 943 perfectus
2710 878 2905 926 autem
3140 863 3299 921 enim
3329 863 3522 923 cordis
3549 881 3620 922 os
3648 864 3773 923 eius

2389 962 2496 1019 erit
2525 962 2718 1020 omnis
2747 962 2796 1020 si
2825 961 2897 1019 sit
3138 956 3393 1034 loquitur
3411 987 3425 1002 ·
3468 957 3512 990 ⁴⁶
3529 957 3671 1034 quid

2389 1055 2536 1113 sicut
2563 1056 2838 1130 magister
2865 1055 2989 1115 eius
3013 1086 3027 1101 ·
3138 1062 3333 1109 autem
3358 1052 3583 1110 uocatis
3609 1070 3706 1111 me

2386 1147 2430 1182 ⁴¹
2450 1148 2609 1220 Quid
2638 1158 2833 1208 autem
2861 1149 3026 1208 uides
3138 1144 3255 1203 dne
3284 1145 3399 1203 dfie
3470 1156 3528 1204 et
3550 1164 3673 1205 non
3701 1144 3761 1206 sa

2386 1242 2669 1303 festucam
2701 1244 2760 1301 in
2790 1243 2962 1303 oculo
3138 1238 3264 1297 citis
3293 1257 3445 1316 quae
3474 1238 3609 1298 dico
3633 1271 3648 1286 ·

2385 1336 2575 1397 fratris
2598 1339 2679 1396 tui
2700 1369 2713 1383 ·
2775 1347 2861 1395 tra
3136 1332 3179 1363 ⁴⁷
3200 1331 3411 1392 Omnis
3434 1333 3533 1409 qui
3559 1334 3723 1393 uenit
3748 1333 3825 1393 ad

2385 1432 2523 1489 bem
2552 1441 2748 1490 autem
2776 1449 2927 1507 quae
2957 1432 3018 1490 in
3137 1444 3233 1484 me
3261 1437 3318 1485 et
3347 1427 3509 1487 audit
3535 1429 3718 1487 uerba

2386 1526 2558 1584 oculo
2586 1535 2688 1583 tuo
2717 1535 2805 1584 est
2833 1543 2959 1584 non

2387 1619 2723 1679 consideras
2744 1650 2758 1665 ·
2801 1618 2846 1651 ⁴²
2864 1629 2962 1678 aut

2385 1713 2688 1791 quomodo
2717 1723 2883 1789 potes
2912 1713 2971 1771 di

2385 1825 2516 1867 cere
2545 1807 2701 1865 fratri
2730 1817 2831 1867 tuo
2851 1838 2865 1853 ·
2926 1808 2975 1866 si

2384 1919 2458 1960 ne
2486 1901 2693 1960 eiciam
2723 1901 2943 1960 festuca

2385 1995 2458 2055 de
2483 1994 2656 2054 oculo
2680 2005 2781 2053 tuo
2806 2027 2820 2040 ·
2868 2006 2925 2054 et
2942 2014 3082 2056 ecce

2383 2089 2443 2147 in
2473 2090 2646 2148 oculo
2676 2101 2775 2147 tuo
2806 2090 2981 2150 trabis

2382 2185 2644 2243 subiacet
2664 2214 2677 2228 ·
2737 2182 2920 2260 Hypo

2384 2279 2524 2336 crita
2543 2308 2557 2323 ·
2623 2278 2746 2336 eice
2775 2279 3018 2354 primu-

3138 1536 3272 1578 mea
3300 1520 3444 1580 haec
3473 1531 3532 1579 et
3560 1520 3698 1580 facit

3135 1631 3205 1671 ea
3225 1645 3240 1659 ·
3311 1614 3620 1674 ostendam
3647 1632 3727 1675 uo

3139 1707 3227 1765 bis
3256 1708 3423 1767 cuius
3452 1709 3653 1768 similis

3135 1811 3223 1858 est
3247 1832 3260 1846 ·
3301 1801 3345 1833 ⁴⁸
3366 1801 3581 1860 Similis
3611 1814 3700 1864 est

3135 1891 3362 1953 homini
3385 1892 3673 1956 aedifican

3135 1989 3177 2045 ti
3215 1988 3457 2047 domurn
3487 1991 3584 2067 qui
3612 1991 3671 2050 fo

3136 2083 3218 2141 dit
3247 2083 3307 2140 in
3335 2084 3513 2142 altum
3537 2116 3551 2130 ·
3614 2094 3670 2144 et
3699 2103 3779 2163 po

3136 2177 3246 2234 suit
3274 2177 3652 2237 fundamenta

3135 2289 3314 2348 supra
3341 2282 3506 2348 petra
3525 2304 3538 2317 ·
3611 2274 3673 2331 in

3132 2497 3412 2557 undantia
3439 2507 3634 2558 autem

3131 2592 3284 2651 sacta
3351 2593 3518 2652 allisit
3545 2593 3628 2651 flu

3131 2704 3269 2744 men
3299 2685 3498 2745 domui
3527 2687 3639 2745 illi·

3131 2789 3188 2838 et
3219 2798 3341 2839 non
3370 2782 3558 2858 potuit
3586 2799 3742 2842 eam.

3130 2891 3369 2933 mouere
3392 2906 3406 2921 ·
3478 2874 3660 2934 sunda

3128 2977 3187 3027 ta
3214 2969 3373 3027 enim
3402 2978 3524 3028 erat
3552 2987 3729 3045 supra

3128 3072 3291 3140 petra
3308 3093 3323 3109 ·
3366 3063 3411 3096 ⁴⁹
3431 3062 3588 3121 Nam
3615 3064 3717 3141 qui

3128 3156 3285 3214 audit
3312 3167 3371 3216 et
3399 3175 3523 3216 non
3552 3156 3689 3216 facit
3709 3189 3723 3204 ·

3131 3250 3344 3309 Similis
3372 3262 3459 3310 est
3486 3251 3713 3311 homini

3128 3345 3451 3404 aedificanti
3481 3345 3664 3404 domii

3129 3457 3297 3498 suam
3326 3457 3503 3515 supra
3531 3449 3732 3497 terra-

3127 3533 3251 3591 sine
3280 3531 3661 3591 fundamento
3688 3564 3701 3578 ·

3125 3627 3293 3686 allisit
3322 3627 3544 3687 flumen
3573 3627 3653 3686 do

3125 3723 3246 3779 mui
3274 3721 3351 3778 illi
3420 3731 3476 3780 et
3505 3721 3788 3781 continuo

3125 3816 3379 3875 concidit
3409 3825 3465 3874 et
3493 3815 3646 3874 facta
3672 3824 3760 3876 est

2380 2503 2605 2563 trabem
2633 2503 2707 2562 de
2736 2502 2907 2563 oculo

2379 2607 2481 2656 tuo
2506 2628 2520 2643 ·
2580 2607 2637 2656 et
2666 2607 2801 2657 tunc
2831 2598 2986 2675 respi

2381 2691 2500 2749 cies
2528 2700 2589 2748 ut
2619 2691 2835 2750 educas
2863 2690 2950 2750 fes

2381 2796 2576 2844 tucam
2605 2785 2680 2845 de
2708 2785 2881 2845 oculo
2912 2785 2997 2845 fra

2379 2879 2479 2938 tris
2510 2879 2590 2937 tui
2615 2910 2629 2925 ·
2652 2910 2666 2925 ·
2710 2879 2753 2910 ⁴⁸
2774 2878 2913 2937 Non
2944 2889 3031 2938 est

2380 2973 2538 3031 enim
2568 2973 2740 3030 arbor
2767 2974 2929 3031 bona

2380 3083 2528 3142 quae
2558 3065 2694 3124 facit
2722 3063 2940 3124 fructus

2378 3160 2563 3218 malos
2585 3191 2598 3206 ·
2672 3178 2861 3236 neque
2891 3160 2968 3220 ite

2376 3271 2504 3311 rum
2533 3255 2702 3313 arbor
2730 3255 2884 3314 mala

2377 3347 2596 3406 faciens
2625 3348 2839 3407 fructus
2868 3349 2946 3406 bo

2376 3459 2486 3500 nos
2511 3473 2524 3486 ·
2568 3442 2612 3474 **
2630 3457 3008 3519 unaquaeque

2374 3536 2545 3593 arbor
2572 3555 2646 3594 ex
2675 3535 2863 3594 fructo

2374 3646 2482 3687 suo
2502 3640 2896 3705 cognoscetur
2913 3661 2927 3676 ·

2371 3740 2564 3798 neque
2593 3721 2792 3798 legunt
2821 3722 2894 3781 de

2373 3816 2556 3891 spinis
2579 3817 2724 3875 ficus
2749 3847 2762 3861 ·
2825 3833 2968 3893 neqs

2371 3909 2444 3968 de
2472 3910 2617 3968 rubo
2652 3909 2908 3968 uindemi
3122 3910 3289 3969 ruina
3317 3910 3525 3969 domus
3554 3910 3683 3968 ilius

2368 4012 2470 4062 ant
2499 4021 2674 4061 uuam
2696 4034 2709 4050 ·
2754 4005 2798 4035 ⁴⁶
2819 4004 3022 4063 Bonus
3274 4022 3489 4079 magna
3518 4030 3599 4060 ω

2368 4095 2550 4156 homo
2580 4098 2653 4157 de
2680 4098 2844 4157 bono
2873 4098 3040 4160 thens
3070 4096 3098 4129 *
3122 4103 3177 4158 ’1.
3196 4096 3214 4129 ¹
3234 4098 3310 4156 Et
3331 4096 3549 4156 factum
3577 4106 3664 4157 est
3686 4116 3822 4158 cum

2367 4209 2510 4250 auro
2546 4193 2737 4252 cordis
2766 4193 2855 4251 sui
3069 4191 3417 4270 *implesset
3443 4193 3644 4252 omnia

2366 4284 2582 4362 profert
2612 4287 2835 4346 bonum
3117 4288 3298 4346 uerba
3327 4286 3471 4346 haec
3494 4287 3554 4345 in
3570 4287 3756 4347 auribz

3409 325 3520 391 [vl.
3547 328 3774 392 25—v11.
3801 341 3846 378 1.

3872 503 3998 552 rol.
4021 502 4144 551 108.
