4414 4917
658 357 739 405 ιν.
759 357 931 420 4ι-ν.
962 350 1066 422 19·]
1924 341 2149 403 IOHA
2159 331 2401 404 NNE'·
3581 356 3666 424 47

324 517 463 568 rol.
485 518 611 569 ²18·
656 533 897 575 monem
924 515 1216 575 credimus
1436 486 1587 539 ¹⁶⁰&
1603 488 1653 539 in
1668 489 1809 539 albas
1827 487 1908 538 die
1921 487 2079 538 sabba
2209 514 2467 591 porticos
2495 513 2717 572 habens
2738 545 2752 559 ·
2966 513 3471 591 ¹²1nterrogabant
3491 525 3688 575 aute-·
3713 527 3836 576 τοι.
3855 528 3979 577 814.

654 610 766 686 iPSi
787 610 948 668 enim
976 609 1304 668 audiuimus
1404 572 1837 706 «ogiznautem
1865 644 1942 706 ad
1972 664 2105 705 eum
2210 608 2233 641 ⁸
2250 608 2550 760 ipssquigus
2578 608 2845 760 ize—ebant
2965 607 3126 760 illut?
3155 609 3418 668 dicentes
3442 610 3650 761 ·bquis

653 714 711 763 et
738 704 955 763 scimus
1025 704 1122 763 uia
1149 702 1246 763 hic
1791 748 1824 757 ..
2212 719 2273 757 m
2334 701 2438 760 titu
2479 719 2518 759 o
2547 701 2605 758 in
2964 712 3054 759 est
3123 719 3263 762 omo
3333 703 3393 760 ui
3421 703 3464 761 ti
3508 704 3527 761 i

655 808 744 857 est
769 814 906 856 uere
937 722 1190 856 sagnator
1406 739 1701 892 ἓῖξὲὲῗᾶὲ
1731 740 1890 911 ἒῐῗξὸ
2210 795 2500 854 mantium
2533 805 2834 854 caecoru-
2965 794 3107 854 dixit
3135 796 3271 855 tolle
3291 720 3517 856 llectum

820 892 831 904 '
907 896 939 907 “
997 923 1079 935 -
1094 915 1177 942 w
1747 928 1759 941 ·
2212 888 2552 949 claudorum
2581 899 2639 948 et
2665 889 2793 949 hari
2963 896 3131 945 tuum
3158 898 3215 947 et
3241 890 3419 948 ambu

628 891 1127 1045 *ῗξὲὲξῐχῑξέἓυιιω
1157 989 1290 1044 aute
1408 939 1892 1096 ἓὲἓῗωῗὲἑιῗιῗξ
1903 1019 2061 1079 Dicit
2211 980 2424 1041 dorum
2450 1015 2463 1028 ·
2490 1015 2503 1029 .
2549 983 2572 1017 ⁸
2592 982 2734 1042 Erat
2762 1001 2838 1042 au
2964 980 3019 1038 la
3038 1012 3052 1028 .
3113 982 3157 1015 ιε
3174 983 3264 1041 ille
3295 994 3489 1042 autem
3518 985 3663 1062 igno

612 1076 953 1203 :profectus
979 1090 1069 1137 est
1097 1079 1234 1205 '25¹⁸
1404 1114 1490 1172 illi
1517 1114 1605 1173 ihs
1675 1113 1824 1173 uade
1854 1114 1932 1172 fili
2212 1085 2333 1134 tem
2363 1078 2443 1134 1b1
2471 1076 2654 1137 homo
2685 1108 2697 1123 ·
2711 1096 2868 1231 gx&-
2962 1076 3128 1229 {agat
3156 1088 3465 1231 quisdessiet
3484 1109 3498 1125 ·

738 1172 1012 1324 “filim‘'
1035 1204 1049 1220 '
1073 1267 1131 1325 ifi
1174 1190 1300 1249 ¹¹³⁸⁶
1407 1226 1476 1266 ¹²³
1505 1218 1637 1267 ‘¹¹⁰³
1662 1209 1839 1268 uiuit·
1910 1208 1987 1268 Εἰ
2211 1179 2272 1321 Ξῖῖ
2293 1188 2725 1323 tamt?
2751 1189 2787 1230 ²
2864 1189 2935 1231 ¹¹³
2960 1274 3048 1322 m
3076 1188 3250 1323 55?
3321 1190 3582 1326 ²332oe

653 1285 861 1419 teunsugst
906 1278 1072 1438 sqtiiisa}
1094 1286 1206 1437 pssg
1406 1302 1649 1362 credidit
1676 1301 1859 1362 homo
2207 1358 2230 1390 ⁶
2249 1357 2428 1418 Hunc
2457 1284 2864 1419 eumenidisset
2960 1368 3116 1416 esset
3143 1359 3203 1417 in
3230 1284 3425 1419 ἔξω
3444 1391 3460 1407 ·

652 1452 769 1512 feta
796 1454 856 1511 in
886 1471 990 1513 sua
1016 1455 1200 1531 patria
1404 1392 1954 1549 ἓξὲἰῖᾚῇἶυὲἴάὼπ
2206 1451 2298 1509 ihs
2326 1452 2613 1511 iacentem
2695 1462 2753 1511 et
2961 1449 3004 1483 ¹⁴
3023 1449 3163 1511 Post
3191 1453 3336 1513 haec
3362 1455 3586 1514 inuenit

651 1545 938 1674 honorgm
968 1565 1088 1607 non
1117 1548 1194 1608 ha
1401 1578 1443 1615 ⁸1
1463 1582 1590 1641 Iam
1618 1593 1815 1642 autem
1842 1582 2058 1642 descen
2205 1562 2400 1696 Smelns
2428 1551 2571 1622 qsim
2599 1565 2727 1653 iam·
2958 1544 3119 1696 illugn
3148 1546 3325 1698 ‘insui-n
3356 1549 3578 1625 templo

650 1640 828 1793 :set
856 1639 1229 1811 ,ξξςῑεὲο
1256 1660 1332 1702 ¹²0
1740 1678 1893 1785 servi
2203 1649 2457 1791 2¹:3be
2480 1648 2788 1792 ῑῑῖεὲεῑί
2957 1648 3068 1790 228
3085 1651 3621 1794 με

652 1837 1030 1904 susceperunt
1057 1839 1181 1887 eu-
1397 1781 1895 1924 ἕξὶᾜῑίᾝιῖζὲῒ
2201 1835 2383 1885 tatem
2402 1858 2416 1873 ·
2477 1826 2637 1887 Dicit
2666 1828 2743 1886 illi
2773 1827 2863 1889 ihs
2954 1825 3076 1883 noli
3104 1843 3348 1901 peccare
3371 1859 3386 1874 ·
3447 1847 3522 1888 ne

648 1920 835 1997 galilei
858 1951 874 1967 ·
938 1923 1139 1981 omnia
1165 1924 1223 1982 ui
1399 1957 1659 2017 dicentes
1686 1964 1829 2035 qssm
1858 1958 1897 2017 fi
2199 1920 2292 1977 uis
2321 1938 2497 1979 sanus
2525 1921 2648 1980 fieri
2667 1952 2682 1967 ·
2951 1919 3095 1993 quid
3114 1920 3215 1978 tibi
3235 1920 3488 1981 deterius
3546 1949 3656 2001 finit

2198 2013 2222 2046 ⁷
2242 2012 2575 2090 Respondit
2602 2014 2680 2073 illi
2710 2015 2841 2073 infir
2953 2013 3246 2089 contingat
3268 2045 3282 2060 ·
3328 2014 3372 2048 ¹⁶
3388 2015 3464 2075 Et
3493 2016 3630 2077 habi

2201 2126 2333 2167 mus
2426 2109 2542 2168 dfie
2567 2141 2581 2157 ·
2612 2109 2902 2168 homine*
2949 2104 2994 2163 it
3023 2104 3205 2165 homo
3234 2117 3293 2166 et
3321 2107 3464 2168 dixit
3493 2111 3551 2168 iu

2199 2219 2324 2260 non
2352 2201 2544 2261 habeo
2625 2214 2689 2262 ut
2717 2222 2851 2263 cum
2950 2198 3111 2259 daeis
3140 2202 3276 2276 quia
3304 2201 3394 2262 ihs
3422 2212 3511 2262 est

649 2013 852 2073 dentes
880 2032 1031 2091 quae
1060 2014 1208 2074 facie

648 2108 744 2167 bat
772 2109 834 2167 in
863 2108 1196 2167 hierusale-

649 2202 707 2259 in
736 2202 829 2261 die
857 2201 999 2261 se⁸to
1080 2213 1138 2261 et
1167 2203 1276 2279 ipsi

1395 2050 1506 2110 lius
1534 2063 1665 2110 tuus
1694 2053 1836 2110 uiuit
1858 2084 1938 2096 —
1957 2085 1970 2098 ·

1395 2140 1441 2177 ⁵²
1457 2144 1866 2223 Interrogabat
1892 2165 2036 2224 ergo

1396 2238 1604 2298 horam
1624 2241 1699 2298 ab
1728 2241 1811 2299 eis
1838 2259 1955 2317 qua

649 2296 803 2354 enim
828 2307 1112 2355 uenerant
1142 2297 1201 2355 in
1393 2334 1599 2392 melius
1629 2334 1830 2394 habuit
1854 2366 1867 2381 .
1934 2334 2013 2394 Et
2198 2306 2361 2355 mota
2388 2295 2558 2356 fuerit
2584 2314 2739 2373 aqua
2950 2294 3049 2370 qui
3076 2292 3210 2354 fecit
3237 2313 3332 2354 me
3361 2314 3570 2356 sanum
3596 2328 3611 2345 ·

1394 2427 1660 2487 dixerunt
1688 2429 1741 2488 ei
1770 2429 1906 2507 quia

647 2549 797 2609 diem
827 2550 1039 2609 festum
1058 2582 1072 2598 ·
1100 2583 1178 2595 —
1392 2545 1662 2606 hesterna
1691 2548 1785 2607 die
1814 2547 1963 2607 hora
2196 2547 2385 2606 mittat
2413 2567 2508 2608 me
2536 2550 2597 2607 in
2626 2551 2851 2627 piscina
2881 2583 2895 2599 ·
2946 2547 2992 2581 ¹⁸
3007 2558 3066 2607 et
3093 2560 3329 2627 propter
3356 2552 3471 2612 hoc
3500 2571 3608 2630 per

646 2645 688 2677 ⁴⁸
705 2643 881 2703 Uenit
909 2663 1050 2721 ergo
1078 2645 1286 2703 iterum
1392 2642 1639 2717 septima
1669 2641 1886 2701 dimisit
1920 2642 1959 2701 il
2196 2640 2340 2698 dum
2365 2644 2523 2701 enim
2551 2662 2665 2720 ego
2692 2647 2868 2705 uenio
2945 2646 3374 2719 sequaebantur
3401 2647 3523 2705 ihm

644 2736 728 2796 ihs
756 2738 816 2796 in
845 2757 994 2797 cana
1021 2739 1265 2814 galileae
1296 2771 1310 2787 ·
1390 2733 1512 2792 lum
1532 2734 1709 2794 febris
1728 2767 1742 2782 ·
1788 2736 1835 2769 ⁶⁸
1853 2736 2068 2812 Cogno
2194 2734 2340 2793 alius
2370 2746 2504 2795 ante
2532 2754 2628 2796 me
2657 2737 2873 2799 descen
2947 2737 3136 2796 iudaei
3164 2750 3221 2797 et
3249 2742 3608 2817 quaerebant

643 2832 738 2890 ubi
767 2830 979 2891 fecerat
1005 2850 1220 2909 aquam
1388 2829 1472 2886 uit
1500 2847 1642 2906 ergo
1672 2839 1836 2907 pater
1865 2832 2002 2908 quia
2194 2828 2331 2886 det·
2390 2829 2412 2862 ⁸
2429 2829 2586 2890 Dicit
2614 2832 2692 2890 illi
2722 2834 2811 2893 ihs
2835 2863 2849 2882 ο
2944 2850 3082 2890 eum
3112 2835 3380 2894 occidere
3401 2867 3415 2882 ·
3476 2839 3616 2913 quia

642 2925 841 2984 uinum
864 2956 879 2972 ·
905 2958 919 2972 ·
983 2924 1126 2984 Erat
1159 2944 1235 2984 au
1387 2922 1483 2980 illa
1511 2923 1656 2982 hora
1678 2940 1792 3000 qua
1812 2925 1891 2983 illi
1914 2926 2057 2984 dixit
2191 2939 2367 2999 surge
2396 2924 2533 2983 tolle
2562 2925 2650 2986 lec
2945 2925 3090 2986 haec
3122 2927 3371 2988 faciebat
3398 2933 3581 2991 sabba

641 3026 756 3077 tem
785 3018 1025 3095 quidam
1052 3037 1197 3096 regu
1386 3016 1476 3076 ihs
1505 3017 1664 3093 quod
1694 3018 1842 3077 filius
1872 3028 2005 3079 tuus
2191 3025 2317 3075 tum
2345 3027 2508 3077 tuum
2536 3031 2594 3078 et
2622 3023 2798 3080 ambu
2944 3021 3017 3079 tis
3038 3052 3052 3067 ·
3117 3021 3161 3054 ²⁷
3177 3021 3254 3082 Et
3280 3026 3580 3102 respondit

640 3110 725 3171 lus
806 3113 970 3172 cuius
998 3111 1151 3172 filius
1385 3110 1526 3169 uiuit
1546 3142 1559 3156 ·
1619 3110 1695 3170 Et
1724 3113 1966 3172 credidit
2187 3109 2246 3169 la
2270 3141 2284 3156 ·
2345 3111 2459 3171 ”Et
2488 3115 2679 3173 statim
2709 3114 2893 3176 factus
2945 3115 3054 3175 illis
3083 3116 3174 3176 ihs
3197 3148 3213 3164 ·
3276 3130 3441 3195 pater
3467 3138 3566 3181 me

639 3206 1029 3265 infirmabatur
1055 3208 1115 3265 in
1386 3204 1512 3280 ipse
1534 3214 1592 3263 et
1619 3206 1811 3264 omnis
1839 3206 2050 3266 domus
2187 3215 2276 3263 est
2304 3223 2480 3265 sanus
2509 3206 2693 3268 homo
2721 3242 2734 3256 ·
2944 3227 3014 3268 us
3043 3228 3264 3287 usquae
3293 3215 3475 3274 modo
3505 3234 3544 3274 o

640 3318 988 3377 capernaum
1012 3332 1028 3348 ·
1090 3302 1134 3334 ⁴⁷
1155 3300 1272 3362 Hic
1384 3299 1509 3357 eius
1531 3330 1545 3344 ·
1608 3299 1653 3331 ⁸⁴
1671 3298 1808 3358 Hoc
1837 3300 2039 3359 iterum
2187 3309 2246 3359 et
2272 3301 2398 3360 tulit
2424 3303 2752 3378 grabattum
2944 3315 3175 3382 petatur
3255 3317 3313 3366 et
3340 3326 3453 3384 ego
3483 3328 3522 3368 o

639 3411 770 3452 cum
798 3395 1055 3454 audisset
1082 3395 1219 3472 quia
1384 3391 1705 3452 secundum
1736 3394 1959 3470 signu·-
2185 3411 2359 3453 suum
2388 3405 2446 3453 et
2472 3397 2805 3457 ambulabat
2828 3430 2842 3446 ·
2944 3417 3113 3475 peror
3133 3431 3146 3444 ·
3171 3430 3185 3445 ·
3209 3431 3222 3446 ·
3245 3432 3259 3447 ·
3340 3399 3384 3434 ¹⁸
3402 3400 3649 3480 Propter
3706 3397 3715 3404 ’

636 3486 721 3546 ihs
748 3489 907 3547 uenit
936 3488 1009 3547 de
1038 3488 1247 3548 iudaea
1382 3483 1517 3544 fecit
1545 3486 1633 3545 ihs
1661 3489 1904 3547 ueniens
2184 3486 2327 3547 Erat
2355 3499 2549 3548 autem
2578 3493 2872 3550 sabbatu‘·
2943 3492 3056 3552 hoc
3067 3510 3209 3570 ergo
3228 3497 3416 3571 magis
3428 3489 3643 3572 quaere

636 3581 694 3639 in
721 3582 991 3659 galileam
1015 3614 1029 3629 ·
1093 3583 1233 3642 abiit
1382 3579 1455 3637 de
1467 3578 1638 3637 iudea
1655 3580 1715 3637 in
1733 3581 2076 3656 galileam—
2184 3583 2246 3641 in
2269 3581 2364 3641 illa
2387 3581 2479 3641 die
2499 3615 2514 3629 ·
2549 3584 2895 3645 ¹⁰Dicebant
2944 3588 3086 3644 bant
3112 3605 3248 3646 eum
3278 3588 3468 3650 iudaei
3497 3610 3572 3652 oc

635 3675 708 3733 ad
735 3695 873 3735 eum
900 3685 958 3735 et
983 3677 1227 3752 rogabat
1328 3672 1428 3733 ⁸5.
1445 3670 1731 3733 ¹Posthec
1742 3673 1979 3735 fuitdies
1996 3675 2081 3737 fes
2184 3694 2327 3753 ergo
2356 3677 2512 3736 iudei
2613 3681 2798 3739 sabba
2941 3679 3132 3740 cidere
3155 3711 3170 3727 ·
3227 3687 3371 3758 qum
3398 3703 3524 3744 non

633 3779 693 3828 ut
720 3769 1098 3829 descenderet
1329 3766 1475 3827 *tus
1503 3767 1808 3826 iudeorum
1826 3801 1840 3816 ·
1906 3780 1964 3829 et
2183 3780 2309 3829 tum
2339 3779 2428 3829 est
2510 3789 2632 3831 non
2662 3773 2763 3831 tibi
2941 3774 3129 3834 solum
3160 3776 3424 3837 soluebat
3451 3783 3556 3840 sab

632 3873 687 3921 et
714 3873 939 3922 curaret
960 3863 1140 3921 filium
1330 3860 1361 3894 *
1383 3863 1646 3921 ascendit
1673 3863 1761 3921 ihs
1788 3863 1951 3924 hiero
2178 3863 2313 3923 licet
2341 3865 2539 3924 tollere
2569 3866 2770 3926 lectu-
2941 3868 3140 3927 batum
3163 3900 3178 3915 ·
3241 3869 3357 3930 Sed
3386 3874 3561 3933 etiam

634 3957 752 4015 eius
853 3957 1169 4033 incipiebat
1330 3956 1361 3990 *
1380 3956 1606 4032 solyma
1629 3987 1644 4002 ·
1707 3953 1730 3988 ²
1746 3969 1834 4016 est
1860 3970 2052 4019 autem
2181 3969 2342 4017 tuam
2366 3989 2379 4004 ·
2436 3956 2480 3990 ¹¹
2501 3958 2747 4036 Respon
2938 3973 3164 4039 patrem
3192 3982 3362 4023 suum
3394 3968 3523 4027 dice

634 4052 788 4109 enim
815 4051 967 4109 mori
991 4081 1005 4096 ·
1031 4083 1044 4096 ·
1072 4083 1085 4096 ·
1114 4050 1330 4109 “Dixit
1380 4051 1441 4108 in
1471 4049 1878 4127 hierosolymis
1908 4053 1967 4110 in
2183 4051 2268 4110 dit
2295 4051 2404 4111 illis
2471 4053 2573 4128 qui
2602 4053 2736 4113 fecit
2910 4056 3037 4149 'bat
3065 4075 3193 4116 esse
3222 4058 3322 4117 dm
3347 4091 3360 4105 ·
3419 4079 3608 4140 aequa

633 4162 769 4220 ergo
797 4144 887 4202 ihs
915 4145 992 4204 ad
1021 4160 1153 4202 eum
1188 4145 1245 4202 ni
1379 4144 1680 4220 probatica
1707 4146 1934 4221 piscina
1953 4178 1967 4194 ·
2183 4165 2279 4204 me
2309 4164 2518 4204 sanum
2547 4147 2638 4205 ille
2668 4149 2813 4208 mihi
2935 4150 3052 4208 lem
3082 4169 3145 4210 se
3173 4151 3392 4213 faciens
3419 4155 3498 4215 <16
3519 4188 3534 4204 ·

633 4238 677 4295 si
704 4238 870 4314 signa
896 4247 955 4297 et
983 4237 1251 4314 prodigia
1380 4236 1551 4309 Quae
1576 4237 1784 4296 dicitur
1806 4238 2076 4300 hebreice
2182 4240 2326 4299 dixit
2355 4238 2489 4297 tolle
2519 4243 2719 4300 crabat
2938 4242 3269 4320 Respondit
3296 4267 3438 4326 ergo
3467 4251 3558 4311 ins

631 4330 881 4391 uideritis
964 4348 1089 4390 non
1116 4329 1272 4389 credi
1377 4331 1692 4390 bethesda·
1757 4335 2049 4414 quinque·
2183 4342 2500 4392 tumtunm
2528 4345 2585 4392 et
2613 4336 2846 4398 ambula
2936 4349 2994 4399 et
3020 4339 3164 4399 dixit
3185 4340 3295 4402 illis
3315 4374 3329 4389 ·
3391 4344 3637 4407 ¹⁹Amen

1196 4425 1265 4484 tis
