4414 4917
3385 460 3507 529 Ι59

804 656 1038 706 INDEX
1108 653 1470 705 LOCORUM
1539 652 1690 704 UEL
1757 653 1806 702 A
1874 652 2112 702 PRIMA
2182 651 2334 702 UEL
2400 650 2449 700 A
2514 649 3100 702 POSTERIORIBUS
3166 648 3507 699 MANIBUS

1060 758 1622 810 CORRECTORUM
1700 758 2025 822 QUARUM
2103 755 2706 806 EMENDATIONES
2789 756 2872 806 IN
2951 754 3267 805 TEXTUM
3345 751 3506 804 NON

1060 863 1485 914 RECEPIMUS
1531 863 1634 912 AD
1680 862 2119 913 COMMODUM
2169 859 2534 912 LECTORIS
2584 861 2628 909 E
2678 859 3005 912 NOTULIS
3052 857 3509 909 DECERPTUS.

803 998 906 1055 Mt.
980 1002 1036 1054 9.
1074 1000 1160 1054 27.
1197 998 1374 1055 nostri
1401 1016 1473 1054 m.
1489 1003 1554 1069 p.
1579 1016 1683 1053 nos
1707 1017 1849 1053 corr.

838 1127 870 1153 ‚‚
953 1090 1034 1142 11.
1073 1088 1159 1143 21.
1199 1087 1340 1143 istae
1364 1104 1591 1141 erasum
1615 1094 1713 1141 est.

838 1216 870 1243 ,‚
948 1178 1040 1229 12.
1117 1175 1162 1229 1.
1201 1186 1420 1244 segetes
1445 1192 1456 1229 ε
1498 1193 1525 1230 s
1532 1177 1646 1245 fin.
1670 1191 1834 1229 erasa
1856 1181 1953 1229 est.

840 1302 871 1328 ‚,
947 1264 1036 1317 18.
1074 1261 1160 1316 37.
1198 1263 1274 1317 At
1297 1280 1522 1316 erasum
1546 1268 1647 1317 est.
1725 1275 1806 1332 55.
1844 1262 2039 1332 ioseph
2067 1279 2140 1316 m.
2155 1266 2239 1332 p„
2267 1261 2415 1316 ioses
2439 1278 2581 1318 corr.
2608 1278 2681 1314 m.
2694 1263 2761 1331 p.

840 1389 871 1416 ,‚
946 1352 1039 1404 14.
1110 1350 1163 1404 9.
1202 1360 1392 1404 autem
1417 1367 1640 1404 erasum
1665 1355 1761 1403 est.

842 1477 873 1501 ‚‚
948 1439 1038 1492 15.
1082 1437 1166 1491 11.
1205 1436 1375 1491 intrat
1401 1454 1500 1491 sec.
1526 1454 1751 1491 erasum
1776 1444 1872 1491 est.

840 1566 870 1591 „
947 1526 1036 1579 16.
1079 1525 1162 1579 19.
1201 1534 1407 1579 terram
1422 1528 1520 1594 pr.
1548 1525 1662 1580 loco
1670 1544 1701 1589 ,·
1735 1542 1794 1578 m
1817 1527 2144 1579 semi-erasa
2166 1531 2263 1579 est.

841 1653 873 1677 ,‚
953 1614 1041 1668 17.
1081 1613 1167 1667 24.
1207 1612 1532 1681 didragmas
1560 1629 1633 1666 m.
1648 1615 1731 1681 p„
1758 1629 1786 1666 s
1810 1613 1987 1667 erasit
2010 1630 2152 1667 corr.

842 1738 872 1765 „
951 1701 1040 1753 19.
1115 1699 1166 1754 3.
1207 1710 1508 1755 temtantes
1533 1717 1675 1754 corr.
1749 1712 1834 1769 25.
1874 1700 2131 1770 discipuli
2157 1718 2299 1755 corr.

844 1826 875 1852 ‚‚
938 1788 1040 1841 20.
1114 1787 1164 1841 2.
1205 1787 1406 1841 diurno
1429 1805 1571 1842 corr.
1598 1804 1672 1841 m.
1687 1791 1752 1857 p.

844 1914 874 1937 „
952 1877 1043 1928 21.
1087 1874 1167 1930 16.
1206 1891 1514 1946 numquam
1538 1892 1676 1930 corr.
1709 1875 1866 1945 (num
1889 1876 2261 1945 duplicatum,
2285 1874 2387 1929 sed
2402 1876 2533 1929 scda
2558 1877 2678 1930 uice
2699 1874 2965 1943 erasum).

846 2003 875 2028 ‚‚
942 1964 1044 2017 24.
1083 1962 1169 2017 22.
1208 1963 1351 2016 omis
1376 1980 1518 2035 corr.
1534 1967 1710 2033 post'.

843 2088 875 2116 „
941 2051 1041 2105 25.
1116 2051 1166 2104 7.
1204 2062 1638 2119 composuerunt
1666 2069 1739 2106 m.
1766 2065 1813 2119 3.
1895 2064 1976 2105 10.
2013 2051 2205 2105 clausa
2232 2068 2305 2105 m.
2334 2067 2382 2119 3.

845 2175 877 2202 „
944 2138 1042 2191 26.
1081 2137 1166 2191 26.
1204 2136 1443 2207 accipite
1468 2155 1542 2191 m.
1569 2153 1619 2205 3.
1695 2151 1780 2205 34.
1819 2148 1984 2193 nocte
2009 2156 2081 2192 m.
2109 2154 2159 2206 3.

822 2225 906 2293 Jn.
994 2227 1043 2279 1.
1082 2225 1168 2278 45.
1206 2231 1313 2295 que
1338 2242 1481 2280 corr.
1495 2227 1677 2295 post‘.

862 2351 875 2376 ‚
988 2315 1043 2367 3.
1117 2312 1168 2366 6.
1207 2317 1342 2382 qum
1368 2313 1439 2366 de
1465 2329 1635 2367 carne
1661 2322 1858 2367 natum
1881 2323 1967 2368 est
1992 2315 2169 2367 erasit
2189 2331 2330 2368 corr.

863 2438 877 2464 ,
983 2402 1044 2454 4.
1085 2399 1169 2454 10.
1207 2400 1267 2454 di
1290 2410 1346 2454 et
1373 2399 1496 2471 quis
1521 2410 1605 2454 est
1632 2400 1724 2471 qui
1750 2418 1890 2455 corr.
1917 2418 1990 2455 m.
2006 2405 2070 2472 p.
2146 2413 2230 2471 51.
2268 2407 2403 2473 qum
2427 2418 2653 2456 erasum
2678 2407 2774 2456 est.

861 2528 875 2555 ,
987 2490 1044 2544 5.
1117 2487 1168 2542 9.
1205 2488 1528 2557 grabattum
1554 2505 1627 2542 m.
1641 2492 1723 2558 p„
1750 2490 2066 2544 crabattum
2091 2506 2234 2544 corr.

845 2614 877 2639 „
955 2577 1045 2629 19.
1084 2576 1170 2630 31.
1210 2581 1346 2646 qum
1370 2577 1759 2629 semi-erasum
1783 2583 1878 2632 est.

847 2702 880 2730 „
1001 2704 1034 2733 „
1086 2661 1171 2717 39.
1209 2663 1470 2718 auferens
1496 2681 1568 2716 m.
1584 2667 1667 2733 p„
1694 2664 1956 2719 adferens
1982 2682 2057 2720 m.
2082 2679 2133 2719 2.
2207 2666 2401 2736 ponda
2425 2682 2499 2720 m.
2514 2668 2599 2736 p„
2624 2665 2815 2735 pondo
2839 2683 2914 2720 m.
2942 2681 2991 2720 2.

813 2751 906 2805 Lc.
991 2751 1049 2804 2.
1123 2751 1174 2805 5.
1212 2768 1382 2806 uxore
1407 2767 1472 2806 su
1498 2769 1571 2804 m.
1587 2755 1699 2821 ῥυ·
1727 2752 2079 2822 perli‘neauit
2101 2771 2173 2808 m.
2201 2768 2252 2823 3.
2325 2751 2376 2807 ei
2404 2771 2478 2807 m.
2496 2756 2578 2824 p„
2605 2752 2710 2807 sibi
2738 2771 2814 2808 m.
2843 2768 2891 2822 3.

1001 2876 1032 2906 ,‚
1087 2838 1170 2892 10.
1209 2837 1584 2908 euangelizaui
1611 2857 1686 2892 m.
1699 2844 1782 2909 p„
1809 2839 2033 2893 addidit
2055 2857 2089 2894 o
2115 2858 2189 2894 m.
2216 2855 2263 2909 3.
2340 2855 2426 2910 29.
2465 2858 2533 2895 ex
2557 2857 2783 2895 erasum
2808 2847 2905 2895 est.

999 2964 1032 2992 „
1083 2925 1169 2980 42.
1207 2927 1293 2980 44.
1332 2927 1443 2981 diei
1469 2944 1544 2981 m.
1560 2931 1643 2997 p„
1673 2927 1689 2981 i
1709 2928 1822 2997 fin.
1849 2945 2014 2981 erasa
2036 2934 2133 2983 est.
2206 2943 2296 2997 43.
2334 2928 2534 2984 diebus
2560 2946 2635 2983 m.
2648 2933 2732 2999 p„
2759 2930 2900 2984 ebus
2924 2946 3148 2984 erasum
3173 2937 3269 2985 est.

1000 3051 1033 3079 „
1083 3012 1168 3067 48.
1207 3013 1382 3068 uisio:
1423 3013 1439 3067 i
1465 3032 1566 3069 sec.
1591 3033 1756 3069 erasa
1778 3022 1874 3070 est.

867 3140 879 3164 ,
990 3102 1046 3155 3.
1123 3101 1170 3154 1.
1209 3099 1454 3156 ituraeae
1480 3119 1553 3156 m.
1569 3106 1651 3172 p„
1677 3121 1712 3156 a
1726 3106 1823 3172 pr.
1848 3121 2012 3157 erasa
2035 3110 2131 3157 est.
2204 3103 2258 3158 6.
2295 3120 2427 3158 caro
2453 3121 2528 3157 m.
2542 3107 2626 3175 p„
2652 3120 2785 3159 cara
2809 3120 2883 3159 m.
2910 3114 3037 3159 rec'.

1000 3227 1033 3256 „
1122 3190 1171 3242 7.
1210 3196 1342 3243 cora
1366 3208 1442 3243 m.
1456 3193 1540 3259 p„
1565 3193 1743 3245 erasit
1762 3208 1802 3215 -
1820 3197 2109 3246 corrector.
2190 3205 2271 3261 19.
2309 3209 2445 3247 suae
2468 3208 2544 3246 m.
2558 3196 2641 3262 p„
2667 3191 2752 3247 sui
2778 3209 2919 3247 corr.
2946 3210 3021 3247 m.
3036 3197 3102 3262 p.

847 3309 879 3340 ,›
988 3277 1048 3329 4.
1087 3275 1173 3329 29.
1212 3277 1623 3346 supercilicium
1649 3296 1723 3333 m.
1737 3282 1822 3347 p„
1850 3279 1899 3333 ci
1924 3295 2022 3333 sec.
2048 3296 2275 3333 erasum
2299 3286 2395 3334 est.

866 3403 879 3428 ‚
990 3365 1044 3419 7.
1081 3364 1169 3418 22.
1207 3364 1487 3420 auditistis
1512 3383 1588 3418 m.
1601 3369 1685 3434 p„
1713 3365 1784 3420 tis
1793 3367 1907 3437 fin.
1931 3384 2157 3421 erasum
2182 3373 2280 3422 est.
2356 3382 2440 3436 32.
2478 3368 2536 3421 fo
2560 3383 2635 3421 m.
2649 3371 2733 3439 μ,
2761 3384 2823 3421 ro
2848 3367 3075 3421 addidit
3095 3385 3168 3421 m.
3196 3382 3244 3435 3.

865 3491 879 3518 ‚
986 3454 1044 3507 8.
1083 3451 1170 3506 27.
1207 3468 1464 3523 neneque
1489 3470 1564 3506 m.
1579 3456 1662 3522 p„
1688 3470 1759 3507 ne
1772 3457 1869 3523 pr.
1895 3471 2121 3507 erasum
2147 3461 2243 3509 est.
2318 3455 2402 3524 36.
2441 3455 2587 3509 illilis
2613 3473 2685 3510 m.
2702 3459 2785 3525 p„
2814 3454 2852 3509 li
2864 3459 2964 3526 pr.
2987 3472 3214 3510 erasum
3239 3460 3336 3510 est.

1003 3576 1037 3606 ‚,
1086 3539 1172 3593 43.
1211 3539 1828 3610 quemadmodmodum
1853 3558 1926 3596 m.
1943 3545 2027 3611 p„
2053 3542 2187 3596 mod
2202 3547 2301 3612 pr.
2327 3559 2551 3596 erasum
2575 3549 2671 3597 est.

993 3627 1050 3679 9.
1087 3625 1172 3680 29.
1211 3636 1437 3696 spectus
1461 3645 1686 3682 erasum
1712 3634 1809 3683 est.

851 3752 883 3778 „
956 3714 1046 3768 12.
1085 3715 1172 3769 21.
1211 3713 1546 3769 tensaurizat
1574 3733 1648 3770 m.
1666 3719 1745 3786 p„
1772 3733 1809 3769 n
1835 3733 1999 3770 erasa
2022 3723 2119 3772 est.

852 3839 883 3865 ‚,
959 3801 1048 3856 13.
1087 3801 1173 3857 23.
1211 3812 1268 3856 et
1291 3819 1517 3857 erasum
1542 3809 1638 3858 est.

853 3927 885 3953 ‚‚
955 3890 1048 3942 15.
1089 3888 1174 3943 12.
1212 3889 1447 3957 contigit
1473 3906 1549 3942 m.
1563 3894 1649 3960 p„
1676 3889 1948 3960 contingit
1972 3908 2047 3944 m.
2074 3906 2123 3960 3.

852 4014 884 4040 ‚‚
962 3975 1055 4031 16.
1126 3974 1176 4029 6.
1216 3975 1579 4046 cinquaginta
1603 3994 1677 4032 m.
1691 3981 1775 4046 p„
1802 3977 2205 4048 quinquaginta
2230 3996 2305 4033 m.
2332 3993 2381 4047 3.

992 4102 1027 4130 „
1125 4063 1173 4118 7.
1214 4061 1466 4118 uctuinta
1490 4081 1563 4118 m.
1578 4068 1664 4135 p„
1690 4063 2014 4133 octuaginta
2038 4082 2113 4118 m.
2139 4081 2189 4133 3.

853 4186 887 4215 „
959 4150 1050 4204 21.
1088 4149 1177 4204 39.
1216 4151 1560 4220 respondens
1586 4168 1659 4206 m.
1674 4156 1759 4221 p„
1786 4152 2189 4221 respondentes
2216 4171 2291 4207 m.
2319 4168 2370 4222 3.

823 4236 938 4291 Mc.
997 4239 1053 4292 6.
1092 4238 1178 4292 21.
1217 4248 1523 4309 opurtunus
1549 4255 1622 4294 m.
1638 4243 1720 4309 p„
1747 4248 2054 4309 oportunus
2079 4257 2222 4294 corr.
2250 4257 2322 4294 m.
2337 4244 2402 4310 p.

860 4363 891 4389 „
963 4325 1055 4381 12.
1094 4324 1180 4381 32.
1220 4325 1297 4380 illi
1323 4325 1509 4381 scriba
1533 4343 1610 4380 m.
1623 4329 1706 4397 p„
1733 4326 1822 4382 ille
1848 4326 2002 4382 criba
2024 4343 2167 4382 corr.
2195 4345 2268 4382 m.
2284 4332 2350 4398 p.
2367 4330 2398 4382 2
