4414 4917
895 465 970 509 10

901 2305 961 2339 10

901 2947 959 2996 ¹5

899 3595 961 3630 20

1976 446 2502 508 FRAGMENTA

1412 695 1647 761 Primi
1690 697 2135 778 quaternionis
2162 693 2413 775 solium
2457 701 2767 773 quartum
2813 687 3068 775 (uerso).

1942 907 2084 970 Fol.
2119 924 2202 987 52
2231 906 2291 970 b.
2326 903 2555 992 (Wh.).

1415 1124 1506 1189 ita
1551 1124 1765 1189 seruio
1811 1124 1980 1206 patri
2028 1124 2112 1187 d6
2160 1143 2308 1185 meo
2354 1121 2626 1186 credens

1413 1252 1717 1315 omnibus
1764 1271 1933 1333 quae
1979 1251 2042 1312 in
2090 1251 2237 1331 lege
2283 1257 2350 1312 et
2398 1247 2666 1330 profetis

1412 1379 1657 1444 scribta
1702 1390 1854 1443 sunt
1905 1376 1958 1416 ¹⁵
1985 1400 2169 1461 spem
2220 1377 2471 1441 habens
2518 1380 2600 1441 ad
2647 1378 2760 1440 dffi

1412 1528 1611 1590 quam
1664 1517 1731 1571 et
1777 1508 1881 1570 isti
1930 1508 2051 1589 ipsi
2098 1516 2363 1589 sperant
2410 1526 2697 1569 resurrec

1421 1637 1667 1699 tionem
1716 1634 2004 1699 suturam
2052 1635 2371 1700 iustorum
2420 1645 2487 1698 et

1415 1765 1790 1847 iniquorum
1840 1801 1853 1815 ·
1903 1763 2039 1826 ¹⁶in
2085 1762 2212 1825 hoe
2260 1775 2325 1827 et
2371 1765 2511 1846 ipse
2557 1764 2792 1827 studeo

1412 1893 1554 1956 sine
1600 1891 1997 1957 offendiculo
2044 1894 2508 1957 conscientiam
2555 1892 2642 1954 ha

1412 2022 1568 2085 bere
1613 2023 1695 2085 ad
1745 2024 1855 2086 dri]
1906 2055 1920 2069 ·
1967 2033 2031 2085 et
2080 2022 2382 2085 homines
2428 2042 2688 2103 semper

1286 2146 1333 2184 ¹⁷
1363 2149 1520 2214 Post
1566 2171 1772 2213 annos
1819 2162 2041 2214 autem
2090 2148 2390 2236 (multos)
2435 2150 2733 2231 elemosy

1422 2298 1540 2340 nas
1588 2279 1873 2343 facturus
1921 2280 1982 2342 in
2031 2288 2298 2360 gentem
2347 2299 2563 2341 meam

1417 2427 1722 2470 ueneram
1774 2417 1838 2470 et
1887 2407 2256 2471 oblationes
2301 2404 2531 2504 (sactu-

1413 2533 1548 2618 rus)
1598 2569 1611 2582 ·
1663 2534 1711 2572 ¹⁸
1733 2537 1794 2596 in
1844 2537 2083 2617 quibus
2129 2537 2517 2599 inuenerunt
2566 2556 2673 2599 me
2720 2556 2810 2619 pu

1414 2662 1737 2727 rificatum
1787 2665 1848 2726 in
1895 2664 2148 2745 templo
2195 2684 2327 2726 non
2373 2666 2602 2727 cumtur

1412 2793 1498 2855 ba
1549 2812 1693 2873 neq·
1743 2813 1891 2854 cum
1943 2791 2230 2855 tumultu
2258 2793 2303 2827 ¹⁰

1415 2921 1509 2983 sia
1557 2920 1770 2983 iudaei

1414 3058 1632 3111 tuerat
2374 3069 2513 3111 esse

1415 3197 1725 3241 accusare
1772 3177 1821 3238 si
1868 3177 2025 3258 quid
2073 3177 2459 3241 habuissent
2508 3178 2592 3241 ad

1413 3326 1671 3369 uersum
1724 3325 1828 3368 me
1849 3303 1892 3340 ²¹

1421 3567 1806 3632 inuenerunt

1420 3695 1478 3731 ²2
1505 3697 1627 3759 nisi
1674 3698 1757 3758 de
1805 3717 1932 3759 una
1984 3717 2144 3759 uoce
2194 3695 2316 3758 hac

1399 3836 1582 3890 stans
1631 3825 1794 3888 inter
1838 3824 1984 3888 illos
2036 3858 2048 3871 ·
2098 3821 2464 3908 (quoniam)
2512 3827 2595 3888 de
2644 3848 2711 3888 re

1404 3955 1802 4017 surrectione
1859 3964 2266 4018 mortuorum
2317 3976 2441 4035 ego

1425 4083 1673 4146 iudicer
1719 4084 1917 4146 hodie
1963 4093 2125 4166 aput
2176 4105 2295 4147 uos
2340 4118 2353 4130 ·

1299 4213 1350 4246 ²²³
1377 4211 1652 4276 Distulit
1701 4225 1918 4275 autem
1964 4213 2107 4276 illos
2155 4211 2311 4276 felix
2358 4213 2712 4276 certissime

2506 4345 2714 4404 sciens

2959 1015 3114 1079 Act.
3146 1013 3332 1077 xxiv.
3376 1031 3532 1090 ¹4-2
3539 1030 3597 1094 3.
