4414 4917
777 317 862 387 52
2050 309 2525 372 SECUNDU·
3441 318 3583 383 [vu.
3607 322 3799 387 18-49.

481 489 608 539 rol.
631 488 759 541 888.
783 480 938 539 misit
966 498 1100 538 eum
1125 479 1217 539 hic
1245 497 1423 538 uerax
1534 488 1826 537 nonerunt
1854 478 2040 557 princi
2338 479 2415 543 Et
2443 479 2601 540 uado
2631 480 2706 539 ad
2737 496 2874 540 eum
3092 477 3201 538 hos
3231 497 3534 541 sermones
3558 511 3572 531 ·
3637 480 3696 540 di
3822 487 4097 541 12'01384.

783 585 874 634 est
898 606 912 621 ·
975 574 1053 634 Et
1082 576 1352 651 iniquitas
1381 574 1440 631 in
1533 590 1639 649 pes
1668 574 1804 647 quia
1832 572 1925 632 hic
1955 584 2044 632 est
2074 591 2148 632 ue
2339 576 2438 652 qui
2467 593 2561 633 me
2591 576 2746 633 misit
2764 607 2778 622 ·
2843 575 3019 652 ⁸⁴que
3091 575 3306 635 cebant
3375 574 3472 633 hic
3501 586 3590 634 est
3617 594 3692 640 ue

783 669 885 727 illo
914 687 1038 727 non
1067 679 1154 727 est
1174 700 1188 715 ·
1232 668 1275 701 ¹⁹
1295 667 1436 726 Non
1531 685 1594 725 re
1616 672 1736 742 xps
1758 698 1772 713 ·
1817 664 1861 700 ²⁷
1882 667 1999 727 Sed
2028 667 2183 728 hunc
2337 669 2459 727 ritis
2486 688 2581 729 me
2610 679 2668 728 et
2697 687 2820 729 non
2850 670 2911 729 in
3089 685 3151 726 re
3180 667 3410 744 profeta
3429 699 3443 714 ·
3509 668 3553 702 ⁴¹
3570 669 3685 729 Alii
3714 669 3774 734 di

781 780 1015 840 moyses
1044 763 1203 820 dedit
1230 757 1399 820 uob¹s
1532 762 1747 819 scimus
1774 761 1932 822 unde
1961 763 2032 821 sit
2051 793 2064 807 ·
2338 764 2584 822 uenietis
2603 795 2617 810 ·
2682 763 2759 825 Et
2787 765 2886 823 ubi
3088 763 3300 824 cebant
3329 763 3611 839 numquid

780 857 975 933 legem
996 887 1010 902 ·
1074 855 1152 914 Et
1182 874 1358 915 nemo
1388 873 1462 914 ex
1532 853 1663 929 Xps
1691 865 1887 914 autem
1917 874 2052 915 cum
2081 872 2233 915 uene
2336 874 2451 932 ego
2481 875 2611 917 sum
2694 873 2803 916 uos
2832 876 2954 919 non
3089 854 3161 913 de
3190 856 3402 931 galilea
3430 861 3543 932 xps
3569 857 3729 917 uenit
3749 889 3764 904 ·

779 951 951 1009 uobis
980 949 1116 1008 facit
1143 949 1336 1025 legem
1530 950 1602 1007 rit
1686 967 1863 1008 nemo
1893 951 2001 1009 scit
2028 968 2109 1010 un
2336 952 2578 1026 potestis
2605 952 2805 1011 uenire
3087 945 3132 979 ⁴²
3149 948 3368 1009 Nonne
3398 951 3676 1027 scriptura
3706 952 3765 1015 di

778 1045 919 1122 quid
949 1063 1044 1102 me
1063 1045 1340 1120 quaeritis
1531 1042 1605 1102 de
1632 1054 1719 1101 est
1736 1074 1750 1089 ·
1778 1075 1826 1090 ··
1883 1040 1926 1077 ²⁸
1944 1042 2152 1103 Clama
2334 1041 2676 1105 “Dixerunt
2693 1064 2837 1122 ergo
2852 1045 3035 1106 iudei·
3087 1043 3167 1102 cit
3247 1045 3385 1120 quia
3412 1063 3485 1107 ex
3516 1047 3738 1111 semine

778 1139 1049 1197 occidere
1068 1170 1082 1184 ·
1134 1137 1436 1214 ”Respon
1529 1137 1628 1194 bat
1656 1154 1799 1212 ergo
1827 1138 1888 1196 in
1916 1138 2136 1214 templo
2332 1137 2487 1214 apud
2517 1157 2579 1199 se
2607 1139 2770 1215 ipsos
2800 1158 2920 1218 quo
3088 1136 3269 1201 dauid
3351 1147 3410 1197 et
3437 1157 3472 1199 a
3500 1139 3695 1203 bethie

778 1233 862 1291 dit
891 1235 1057 1292 turba
1085 1242 1143 1292 et
1170 1232 1314 1291 dixit
1339 1264 1352 1278 ·
1528 1231 1618 1290 ihs
1646 1232 1867 1291 docens
1901 1244 1958 1292 et
1986 1233 2189 1293 dicens
2214 1264 2228 1279 ·
2333 1231 2424 1289 hic
2457 1232 2695 1309 incipiet
2722 1233 2801 1293 ire
2826 1264 2840 1280 ·
3086 1248 3182 1288 em
3212 1231 3451 1292 castello
3518 1234 3619 1293 ubi
3647 1253 3681 1297 e

778 1328 1155 1387 daemonium
1183 1327 1365 1386 habes
1386 1359 1399 1373 ·
1526 1323 1603 1383 Et
1631 1344 1726 1385 me
1755 1326 1913 1385 scitis
1941 1337 1999 1387 et
2028 1327 2111 1386 sci
2331 1326 2468 1401 quia
2497 1343 2607 1385 nos
2635 1345 2760 1389 non
2789 1327 2850 1389 in
3085 1334 3172 1383 rat
3204 1324 3377 1383 dauid
3448 1331 3559 1401 xps
3587 1345 3660 1388 ue

776 1422 907 1498 quis
935 1430 989 1478 te
1019 1422 1239 1497 quaerit
1266 1422 1395 1481 occi
1527 1420 1598 1478 tis
1626 1420 1781 1479 unde
1813 1438 1941 1479 sum
1965 1452 1979 1467 ·
2044 1430 2102 1481 et
2131 1439 2167 1481 a
2331 1420 2634 1480 ueniemus
2661 1439 2797 1483 eum
3087 1417 3171 1479 nit
3191 1448 3206 1463 ·
3269 1418 3313 1457 ⁴³
3333 1419 3618 1483 dissensio
3647 1439 3709 1485 er

776 1515 913 1573 dere
940 1546 953 1560 ·
985 1513 1026 1547 ²¹
1049 1514 1379 1592 Respondit
1527 1532 1624 1573 me
1653 1515 1783 1590 ipso
1812 1533 1934 1574 non
1962 1516 2097 1573 ueni
2333 1512 2639 1589 Numquid
2669 1515 2729 1572 in
2759 1515 2954 1592 disper
3086 1529 3166 1587 go
3188 1511 3396 1571 iterum
3424 1513 3486 1570 in
3515 1526 3606 1574 tur

777 1610 866 1667 ihs
895 1619 951 1668 et
980 1610 1125 1667 dixit
1154 1610 1237 1669 eis
1304 1616 1426 1669 unii
1529 1607 1631 1667 sed
1658 1618 1746 1667 est
1772 1626 1945 1668 uerus
1973 1610 2073 1685 qui
2332 1607 2500 1666 sione
2531 1626 2841 1683 grecorum
3086 1605 3163 1667 ba
3192 1605 3345 1667 facta
3374 1617 3463 1667 est
3545 1627 3697 1685 prop

776 1722 927 1779 opus
957 1704 1067 1762 feci
1096 1713 1154 1761 et
1183 1715 1385 1762 omnes
1526 1703 1683 1760 misit
1711 1721 1806 1762 me
1886 1721 2064 1779 quem
2331 1701 2568 1777 incipiet
2598 1703 2680 1760 ire
2736 1700 2814 1761 Et
2844 1703 2924 1763 do
3085 1708 3171 1757 ter
3200 1718 3334 1758 eum
3360 1731 3374 1747 ·
3437 1701 3481 1734 ⁴⁴
3499 1703 3725 1778 quida·-

774 1799 1065 1856 miramini
1104 1795 1147 1831 ⁹⁸
1163 1816 1312 1875 prop
1526 1814 1635 1855 uos
1658 1797 1893 1856 nescitis
1914 1828 1927 1842 ·
1959 1795 2124 1873 ”ego
2143 1797 2227 1856 sci
2331 1813 2463 1853 cere
2492 1814 2699 1871 grecos
2719 1827 2734 1842 ·
2796 1796 2841 1829 ⁸⁶
2858 1797 2989 1874 quis
3085 1811 3159 1851 ex
3188 1793 3330 1870 ipsis
3357 1793 3635 1859 uolebant

773 1902 933 1952 terea
953 1924 966 1938 ·
990 1924 1003 1939 ·
1051 1891 1292 1969 Moyses
1318 1892 1393 1953 de
1526 1908 1565 1948 0
1594 1890 1754 1948 illum
1785 1896 1928 1966 qum
1956 1891 2032 1949 ab
2059 1891 2157 1949 illo
2330 1899 2417 1947 est
2445 1888 2539 1949 hic
2570 1908 2763 1951 sermo
2792 1896 2909 1968 que
3085 1887 3524 1963 adprehendere
3552 1908 3585 1949 e

775 1987 858 2045 dit
884 1987 1054 2045 uobis
1084 1987 1359 2045 circumci
1528 2002 1659 2043 sum
1689 1994 1746 2043 et
1771 1985 1894 2060 ipse
1924 2003 2018 2043 me
2047 1986 2128 2043 mi
2331 1984 2475 2043 dixit
2495 2015 2509 2029 ·
2568 1986 2842 2061 quaeritis
2868 2004 2965 2046 me
3083 1999 3187 2040 um
3210 2011 3224 2027 ·
3291 1980 3408 2041 Sed
3437 2000 3612 2043 nemo
3642 1984 3723 2045 mi

776 2082 1006 2139 sionem
1030 2112 1044 2127 ·
1108 2080 1248 2139 Non
1279 2080 1419 2157 quia
1527 2079 1600 2136 sit
1620 2109 1633 2123 ·
1693 2077 1739 2111 ⁸⁰
1757 2080 2113 2155 quaerebant
2333 2088 2390 2136 et
2418 2096 2539 2138 non
2570 2079 2874 2139 inuenietis
2895 2111 2909 2127 ·
2975 2089 3034 2140 et
3085 2076 3157 2132 sit
3187 2092 3360 2152 super
3387 2076 3546 2137 illum
3574 2095 3675 2141 ma

773 2193 847 2233 ex
879 2175 1067 2249 moysi
1096 2184 1185 2233 est
1241 2174 1345 2233 sed
1374 2193 1447 2233 ex
1526 2190 1668 2247 ergo
1698 2173 1859 2231 illum
1889 2174 2070 2249 adpre
2331 2172 2430 2230 ubi
2458 2190 2575 2250 ego
2605 2191 2735 2233 sum
2766 2192 2877 2235 uos
2911 2193 3032 2237 non
3085 2187 3197 2228 nus
3221 2201 3235 2217 ·
3278 2170 3323 2203 ⁴⁵
3340 2170 3643 2233 Uenerunt

772 2268 1032 2345 patribus
1525 2265 1780 2326 bendere
1805 2298 1819 2314 ·
1859 2267 1938 2327 Et
1966 2285 2041 2327 ne
2332 2267 2573 2341 potestis
2601 2267 2900 2326 uenire-
3085 2281 3226 2340 ergo
3254 2265 3498 2325 ministri
3529 2265 3605 2329 ad

774 2410 832 2458 et
862 2401 920 2458 in
952 2401 1197 2460 sabbato
1228 2402 1436 2460 circu-
1526 2416 1628 2458 mo
1651 2400 1804 2458 misit
1835 2401 1893 2457 in
1925 2401 2085 2460 illum
2115 2420 2214 2462 ma
2301 2396 2376 2429 *³⁷
2393 2396 2465 2456 In
2493 2399 2815 2458 nouissimo
2838 2410 3032 2461 autem
3084 2396 3378 2476 principes
3407 2397 3652 2458 sacerdo

773 2494 962 2554 ciditis
992 2495 1294 2553 hominem
1318 2526 1332 2541 ·
1527 2512 1639 2553 nus
1669 2496 1803 2571 quia
1834 2496 2098 2555 nondum
2301 2490 2425 2550 *die
2454 2492 2550 2551 illo
2580 2510 2799 2569 magno
2819 2525 2833 2540 ·
3086 2503 3206 2548 tum
3236 2502 3293 2549 et
3321 2491 3562 2551 sariseos
3582 2524 3640 2538 ·-

772 2586 816 2620 ²³
838 2588 897 2647 Si
928 2589 1435 2649 circumcisionem
1526 2599 1768 2648 uenerat
1798 2588 1945 2648 hora
1976 2593 2104 2649 eius
2128 2621 2143 2636 ·
2298 2584 2441 2644 *diei
2472 2584 2600 2645 festi
2624 2617 2638 2632 ·
2706 2588 2896 2647 stabat
2925 2589 3014 2648 ihs
3084 2595 3140 2643 et
3169 2586 3435 2645 dixerunt
3463 2587 3546 2643 eis
3569 2618 3583 2633 ·
3649 2586 3756 2650 illi·

774 2683 989 2759 accipit
1018 2683 1200 2741 homo
1231 2685 1290 2741 in
1319 2686 1425 2742 sab
1525 2681 1745 2740 ³¹Mu1ti
1765 2693 1957 2743 autem
1974 2685 2230 2743 deturba
2303 2677 2392 2739 *et
2419 2679 2710 2739 clamabat
2738 2682 2939 2741 dicens
2958 2714 2972 2729 ·
3084 2696 3260 2754 quare
3289 2697 3411 2738 non
3441 2679 3688 2740 adduxis

772 2776 913 2835 bato
932 2807 947 2823 ·
1011 2787 1074 2835 ut
1103 2795 1225 2835 non
1256 2778 1421 2836 solua
1527 2776 1894 2837 crediderunt
1922 2780 1981 2837 in
2015 2791 2168 2838 eu-·
2332 2774 2379 2832 si
2408 2775 2537 2850 quis
2567 2775 2680 2832 sitit
2708 2777 2903 2834 ueniat
3082 2773 3154 2830 tis
3178 2790 3311 2831 eum
3334 2804 3348 2818 ·
3395 2773 3439 2808 ¹⁶
3459 2773 3702 2854 Respon

773 2880 862 2929 tur
891 2870 983 2929 lex
1007 2872 1194 2946 moysi
1214 2902 1228 2916 ·
1526 2879 1584 2928 et
1614 2871 1884 2930 dicebant
1912 2878 2023 2948 xps
2052 2883 2174 2931 cu·-
2331 2867 2406 2927 ad
2429 2887 2522 2927 me
2546 2878 2604 2926 et
2624 2870 2782 2928 bibat
2800 2903 2813 2916 ·
2872 2870 2915 2904 ³⁸
2932 2871 3033 2948 qui
3084 2865 3292 2925 derunt
3320 2868 3601 2928 ministri·

775 2963 917 3023 mihi
946 2964 1256 3022 irascimini
1293 2966 1431 3041 quia
1526 2966 1747 3026 uenerit
1777 2967 2059 3043 numquid
2324 2962 2513 3021 credit
2542 2964 2602 3020 in
2632 2982 2727 3022 me
2812 2966 2958 3024 sicut
3084 2960 3426 3037 Numquam
3456 2963 3538 3023 sic
3568 2962 3701 3026 locu

773 3066 963 3137 totum
991 3057 1287 3116 hominem
1525 3058 1690 3134 plura
1721 3061 1890 3137 signa
1918 3059 2073 3119 sactu
2332 3058 2476 3116 dixit
2505 3059 2786 3137 scriptura
2813 3059 2893 3118 flu
3083 3063 3173 3113 tus
3201 3066 3288 3113 est
3316 3056 3496 3117 homo
3516 3089 3530 3104 ·
3594 3076 3714 3138 quo

774 3167 981 3211 sanum
1012 3151 1119 3209 feci
1150 3153 1391 3211 sabbato
1414 3184 1428 3199 ·
1524 3169 1623 3211 rus
1652 3163 1739 3213 est
1796 3172 1973 3230 quam
2003 3172 2116 3230 que
2330 3152 2489 3210 mina
2518 3152 2591 3211 de
2620 3165 2820 3212 uentre
2850 3155 2973 3212 eius
3079 3149 3260 3208 modo
3290 3149 3381 3210 hic
3413 3151 3595 3211 homo
3615 3183 3630 3198 ·

775 3243 817 3276 ²⁴
838 3244 1034 3305 Nolite
1057 3247 1306 3306 iudicare
1330 3266 1435 3323 per
1522 3245 1618 3305 hic
1648 3247 1817 3308 faecit
1837 3279 1850 3292 ·
1893 3246 1937 3280 ⁸²
1954 3249 2145 3310 Audie
2330 3245 2509 3303 fluent
2538 3265 2688 3323 aque
2717 3248 2850 3306 uiue
2883 3279 2896 3294 ·
2927 3279 2941 3294 ·
3077 3243 3121 3276 ⁴⁷
3141 3242 3594 3320 Responderunt

776 3340 1052 3398 sonaliter
1113 3340 1231 3399 Sed
1274 3342 1363 3400 ius
1523 3351 1655 3400 runt
1684 3340 1909 3400 farisaei
1939 3344 2103 3400 turba
2280 3340 2321 3370 ³⁹
2341 3339 2469 3400 Hoc
2484 3353 2678 3399 autem
2701 3342 2929 3401 dicebat
2954 3342 3025 3402 de
3077 3355 3220 3413 ergo
3248 3340 3333 3397 eis
3363 3338 3552 3398 farisei
3573 3371 3587 3386 ·

775 3444 897 3492 tum
927 3434 1203 3494 iudicium
1232 3437 1349 3494 iudi
1524 3446 1980 3495 murmurantem
2012 3435 2085 3495 de
2328 3439 2440 3509 spu
2467 3453 2645 3511 quem
2673 3436 2886 3512 incipie
3080 3431 3364 3508 numquid
3393 3444 3450 3491 et
3479 3451 3588 3492 uos
3616 3452 3681 3494 se

774 3538 903 3586 cate
923 3559 936 3573 ·
961 3561 973 3574 ·
1035 3526 1081 3561 '⁸
1099 3529 1390 3590 Dicebant
1523 3527 1622 3586 illo
1651 3529 1760 3590 ista
1781 3560 1795 3574 ·
1856 3528 1934 3587 Et
1963 3530 2108 3588 mise
2327 3531 2468 3588 bant
2498 3530 2763 3608 accipere
2845 3532 2945 3608 qui
3078 3525 3235 3585 ducti
3264 3529 3401 3586 estis
3420 3559 3434 3574 ·
3506 3528 3710 3587 ⁴‘³num

773 3639 917 3697 ergo
947 3623 1184 3698 quidam
1212 3642 1284 3682 ex
1316 3623 1375 3681 hi
1522 3632 1655 3682 runt
1676 3622 1972 3682 ministros
2001 3622 2059 3685 sa
2326 3623 2570 3682 credunt
2600 3625 2660 3680 in
2690 3642 2825 3682 eum
2848 3656 2861 3670 ·
3078 3621 3220 3697 quid
3248 3621 3453 3698 aliquis
3484 3642 3554 3682 ex
3585 3621 3714 3701 prin

771 3716 1161 3792 erosolymitis
1243 3736 1365 3777 non
1524 3717 1697 3774 risaei
1727 3727 1783 3775 et
1812 3718 2109 3793 principes
2327 3715 2613 3776 Nondum
2640 3729 2832 3777 autem
2864 3719 2939 3779 da
3079 3716 3302 3790 cipibus
3331 3717 3572 3777 credidit

771 3829 846 3869 ne
877 3810 970 3868 hic
1000 3821 1087 3869 est
1118 3830 1295 3887 quem
1324 3830 1439 3887 que
1525 3811 1891 3869 sacerdotum
1974 3822 2036 3870 ut
2062 3812 2138 3871 ad
2326 3820 2418 3869 tus
2447 3823 2568 3870 erat
2598 3818 2697 3887 sps
2728 3820 2821 3871 scs
2845 3844 2859 3858 ·
3078 3808 3138 3866 in
3169 3828 3305 3867 eum
3386 3821 3484 3869 aut
3513 3831 3586 3871 ex
3618 3812 3720 3872 fari

772 3915 907 3963 runt
936 3906 1203 3964 occidere
1223 3937 1237 3952 ·
1282 3904 1323 3937 ²⁶
1342 3906 1417 3964 Et
1522 3903 1951 3981 prehenderent
1979 3917 2103 3965 eu—
2123 3937 2137 3951 ·
2325 3906 2464 3979 quia
2494 3905 2582 3963 ihs
2611 3905 2875 3964 nondum
3078 3904 3192 3961 seis
3214 3935 3227 3948 ·
3271 3904 3316 3940 ⁴⁹
3337 3904 3452 3964 Sed
3483 3907 3649 3965 turba

773 4018 912 4059 ecce
942 4000 1138 4074 palam
1168 4000 1327 4076 loqui
1522 3997 1727 4057 ”Dixit
1745 4017 1887 4075 ergo
1906 4000 2020 4058 ihs·
2041 3999 2252 4060 Adhuc
2325 3997 2506 4057 suerat
2538 3999 2862 4059 honorifica
3076 3998 3221 4056 haec
3253 4017 3402 4074 quae
3433 4018 3553 4058 non
3581 4019 3662 4059 no

772 4103 864 4151 tur
893 4103 949 4153 et
973 4093 1112 4152 nihil
1135 4095 1212 4152 illi
1236 4096 1435 4155 dicunt
1455 4127 1471 4144 ·
1522 4102 1751 4169 tempus
1780 4093 2078 4153 modicum
2323 4103 2415 4150 tus
2435 4125 2448 4138 ·
2501 4093 2546 4125 ⁴⁰
2563 4094 2724 4153 multi
2753 4113 2896 4171 ergo
2924 4095 2998 4154 de
3073 4093 3158 4150 uit
3189 4092 3377 4169 legem
3461 4095 3612 4153 male

774 4187 1078 4263 Numquid
1108 4206 1244 4249 uere
1273 4208 1390 4265 cog
1521 4187 1829 4247 uobiscum
1858 4206 1987 4248 sum
2322 4190 2488 4248 turba
2517 4208 2652 4248 cum
2682 4191 2975 4252 audissent
3075 4187 3211 4246 dicti
3240 4197 3376 4246 sunt
