4414 4917
1765 404 2467 466 UJNDOBONENSJA
2522 400 2609 489 (s)
3444 418 3521 481 31

1279 656 1566 723 Secundi
1603 657 2051 741 quaternionis
2076 657 2331 739 folium
2374 656 2716 739 septimum
2762 648 3001 740 (recto).

1714 864 1860 929 Fol.
1906 866 2058 947 56b
2105 860 2377 950 (Tisch,
2443 860 2634 947 Wh.).

2798 964 2958 1030 Act.
3005 960 3240 1026 xxviii.
3292 958 3526 1026 22—28.

1344 1070 1469 1136 hac
1511 1081 1745 1137 notum
1791 1080 1892 1135 est
1939 1073 2131 1138 nobis
2175 1071 2488 1155 quoniam
2535 1070 2779 1153 ubique

1342 1198 1823 1264 contradicitur
1867 1227 1881 1243 ·
1927 1196 1981 1236 ²³
2005 1199 2096 1265 Et
2137 1220 2289 1265 curn
2335 1198 2720 1265 statuissent

1344 1326 1434 1390 illi
1479 1326 1655 1393 diem
1704 1337 2024 1392 uenerunt
2067 1326 2152 1390 ad
2199 1348 2349 1391 eum
2396 1326 2462 1390 in
2508 1325 2698 1409 hospi

1343 1457 1510 1520 tium
1555 1456 1774 1539 plures
1818 1456 2057 1538 quibus
2100 1455 2485 1539 exponebat
2530 1464 2631 1519 tes

826 1607 855 1658 5
1343 1583 1602 1651 tificans
1646 1604 1922 1667 regnum
1969 1586 2038 1647 di
2085 1617 2100 1631 ·
2147 1581 2535 1667 suadebatq'

1342 1712 1490 1779 illos
1532 1714 1618 1778 de
1659 1713 1773 1777 ihu
1819 1734 1908 1778 ex
1955 1712 2099 1795 lege
2146 1712 2312 1776 mosi
2359 1723 2426 1777 et
2472 1711 2746 1795 profetis

1345 1864 1385 1906 a
1432 1862 1625 1906 mane
1669 1861 1874 1926 usque
1918 1842 2004 1906 ad
2052 1861 2397 1925 uesperam
2445 1874 2460 1890 ·
2503 1839 2693 1925 ²⁴qui

1343 1972 1497 2034 darn
1545 1992 1632 2036 ex
1678 1971 1769 2035 eis
1813 1971 2172 2036 credebant
2218 1970 2320 2034 his
2364 1990 2535 2054 quae

1343 2098 1731 2165 dicebantur
1775 2131 1789 2146 ·
1834 2099 2105 2183 quidam
2150 2119 2309 2164 uero
2354 2120 2482 2164 non
2527 2119 2637 2164 cre

828 2250 891 2288 ιο
1343 2227 1588 2292 debant
1636 2259 1650 2275 ·
1698 2226 1750 2264 2⁶
1770 2237 1838 2292 et
1879 2228 2299 2292 dissonantes
2342 2229 2426 2293 ad
2475 2227 2685 2294 inuice

1344 2356 1847 2422 dimittebantur
1890 2356 2148 2420 dicente
2194 2355 2394 2439 paulo
2439 2376 2556 2420 uer

1345 2488 1504 2551 burn
1554 2506 1758 2550 unum
1804 2519 1819 2534 ·
1867 2487 2036 2550 bene
2079 2494 2191 2568 sps
2237 2492 2337 2549 ses
2382 2485 2641 2551 locutus
2686 2496 2788 2551 est

1342 2636 1460 2696 per
1506 2615 1752 2679 esaiam
1798 2614 2123 2698 profetam
2166 2615 2252 2679 ad
2299 2623 2522 2696 patres

1348 2754 1600 2809 uestros
1644 2743 1696 2781 ²⁶
1715 2744 1934 2808 dicens
1981 2775 1996 2790 ·
2043 2744 2215 2808 uade
2259 2744 2345 2808 ad
2391 2744 2703 2828 populum

829 2897 888 2949 ¹5
1341 2874 1541 2938 istum
1584 2873 1692 2938 dic
1737 2893 1894 2937 aure
1938 2872 2205 2938 audi⁶tis
2250 2893 2383 2937 non

1344 3001 1735 3085 intellegetis
1781 3033 1796 3048 ·
1840 3011 1907 3065 et
1954 3002 2255 3067 uidentes
2301 3004 2454 3068 uide

1338 3140 1407 3195 et
1453 3149 1584 3194 non
1633 3130 1937 3195 uidebitis
1984 3161 1999 3177 ·
2045 3127 2551 3197 27incrassatum

1345 3269 1444 3322 est
1488 3259 1661 3322 enirn
1708 3278 1818 3322 cor
1862 3258 2091 3342 populi
2131 3256 2326 3322 buius

1347 3394 1414 3453 et
1459 3388 1829 3453 clauserunt
2522 3410 2565 3452 o

830 3545 892 3580 20
1349 3515 1532 3580 culos
1576 3537 1731 3581 suos
1774 3518 2311 3599 degrauauerunt
2358 3537 2442 3582 ne
2484 3523 2616 3600 qua

1345 3647 1434 3709 do
1477 3645 1742 3710 uideant
1789 3645 1993 3710 oculis
2038 3659 2102 3711 et
2149 3646 2417 3710 auribus
2466 3641 2612 3733 [au]

1345 3776 1533 3840 diant
1576 3786 1644 3839 et
1688 3777 1887 3838 corde
1931 3774 2313 3859 intellegant
2355 3781 2421 3839 et
2467 3793 2590 3839 con

1346 3913 1684 3969 uertantur
1729 3915 1794 3968 et
2423 3902 2475 3939 ²⁸
2501 3924 2582 3967 no

1348 4044 1492 4097 tum
1538 4053 1696 4116 ergo
1740 4033 1823 4097 sit
1872 4032 2060 4097 uobis
2106 4032 2418 4115 quoniam
