4414 4917
339 517 471 568 ποι.
491 519 573 568 01.
597 504 858 565 subditus
888 504 999 563 illis

598 346 660 394 11.
681 345 885 411 51-111.
914 340 1017 406 25.]

1357 547 1371 574 ,
1394 509 1592 579 parate
1618 499 1778 559 uiam
1808 500 1908 560 dni

1358 639 1374 667 ‚
1394 606 1580 654 rectas
1610 595 1779 654 facite
1811 595 1958 654 semi

1357 735 1373 762 ,
1396 700 1483 748 tas
1506 689 1630 748 eius
1651 721 1665 736 ·
1710 690 1732 721 ⁶
1750 690 1944 749 omnis
1966 689 2062 748 ual

1358 828 1374 856 ‚
1395 782 1465 842 lis
1553 783 1885 859 implebitur
1908 815 1923 830 ·

1358 922 1373 949 ,
1398 886 1455 936 et
1485 878 1679 935 omnis
1708 895 1880 935 mons
1909 886 1967 937 et

1358 1015 1374 1043 ,
1396 972 1560 1030 collis
1588 970 1980 1029 humiliabitur
2000 1003 2013 1017 ·

1359 1110 1375 1138 ,
1397 1075 1454 1124 et
1482 1075 1651 1124 erunt
1677 1084 1860 1142 praua
1888 1066 1949 1123 in

598 599 675 659 Et
700 611 885 658 mater
914 599 1040 657 eius
1069 616 1186 658 con

600 696 869 755 seruabat
896 693 1099 752 omnia

598 790 777 847 uerba
804 788 950 846 haec
983 788 1043 845 in
1072 804 1174 846 cor

601 883 673 942 de
703 899 812 942 suo
836 914 850 928 ·
895 879 941 914 ⁶²
957 882 1036 941 Et
1060 882 1149 941 ihs
1177 897 1288 959 pro

602 977 831 1036 ficiebat
851 987 1039 1035 aetate

602 1081 660 1130 et
688 1072 974 1148 sapientia
1002 1079 1060 1128 et
1087 1087 1195 1145 gra

601 1165 680 1223 tia
707 1164 864 1241 apud
892 1164 992 1222 dm
1021 1173 1079 1222 et
1107 1164 1186 1222 ho
1357 1204 1373 1232 ‚
1398 1160 1684 1221 directum
1702 1191 1715 1205 ·
1759 1172 1817 1219 et
1846 1178 1986 1237 aspe

683 1258 872 1318 mines
901 1282 1067 1311 mm
1352 1305 1371 1333 ‚
1399 1272 1462 1312 ra
1490 1254 1552 1311 in
1580 1253 1704 1312 uias
1733 1254 1941 1330 planas
1961 1286 1975 1300 ·

603 1367 660 1423 3.
696 1362 908 1423 ¹Anno
939 1374 1133 1424 autem
1161 1363 1305 1441 quin
1366 1405 1382 1433 ‚
1403 1361 1424 1393 ⁰
1446 1370 1504 1419 et
1530 1360 1749 1419 uidebit
1775 1361 1969 1421 omnis
1996 1380 2068 1420 ca

600 1466 659 1517 to
688 1458 920 1518 decimo
939 1460 1096 1535 impe
1157 1497 1256 1556 ‚me
1278 1496 1344 1546 ad
1364 1497 1377 1525 ,
1398 1473 1464 1513 ro
1495 1455 1743 1514 salutare
1772 1455 1831 1513 di
1850 1461 1886 1521 †

602 1553 845 1611 riitiberi
856 1553 1105 1611 caesaris
1125 1583 1139 1598 ·
1159 1571 1310 1613 uento
1370 1548 1393 1581 ⁷
1409 1548 1663 1607 Dicebat
1690 1568 1832 1626 ergo
1861 1549 2039 1609 iohan

602 1657 949 1721 procurante
978 1664 1102 1722 pon
1357 1661 1465 1701 nes
1493 1643 1568 1702 ad
1598 1645 1798 1702 turbas
1823 1673 1837 1689 ·
1903 1646 2005 1722 qui

604 1740 683 1798 tio
712 1740 892 1817 pilato
923 1740 1155 1798 iudeam
1178 1770 1193 1785 ·
1359 1738 1627 1796 exiebant
1655 1748 1718 1795 ut
1746 1738 1906 1814 bapti

602 1832 919 1893 Tetrarcha
946 1845 1142 1897 autem
1357 1820 1624 1890 ‘zarentur
1652 1838 1791 1890 cora
1820 1833 1950 1908 ipso
1977 1863 1991 1878 ·

602 1927 841 2004 galileae
873 1929 1122 1987 constitu
1358 1924 1674 1985 Generatio
1702 1928 1904 2002 uipera

602 2033 662 2081 to
690 2022 908 2080 herode
928 2053 942 2068 ·
1004 2021 1124 2098 filip
1355 2038 1485 2078 rum
1504 2049 1518 2064 ·
1580 2021 1711 2096 quis
1741 2031 1912 2079 osten

601 2134 679 2192 po
708 2125 903 2175 autem
931 2115 1104 2175 fratre
1355 2113 1438 2171 dit
1465 2115 1639 2173 uobis
1669 2114 1865 2190 fugere
1895 2114 1971 2172 ab

602 2208 745 2268 Eius
770 2209 1059 2269 tetrarcha
1352 2208 1438 2266 ira
1466 2220 1706 2267 uentura
1731 2240 1745 2254 ·
1804 2208 1826 2240 ⁸
1846 2208 1958 2268 faci

604 2304 852 2363 ituraeae
910 2316 965 2363 et
994 2313 1156 2379 traco
1353 2312 1411 2361 te
1439 2320 1580 2379 ergo
1611 2302 1829 2361 fructus

1355 2433 1570 2512 dignos
1600 2434 1992 2511 paenitentiae

1354 2539 1413 2587 et
1442 2547 1516 2587 ne
1549 2530 1809 2588 dixeritis
1839 2531 1989 2589 intra

1352 2640 1465 2682 uos
1529 2631 1753 2700 patrem
1773 2623 2058 2684 habemus

1352 2704 1632 2776 abraham
1657 2748 1671 2763 ·
1732 2716 1887 2777 Dico
1911 2723 2042 2777 aute

1352 2812 1523 2870 uobis
1552 2812 1689 2889 quia
1718 2821 1930 2888 potens
1952 2822 2038 2871 est

1356 2903 1424 2963 ds
1454 2904 1526 2963 de
1558 2905 1844 2981 lapidibus
1874 2906 1997 2965 istis

602 2435 795 2495 nitidis
822 2436 1080 2513 regionis
1101 2467 1114 2483 ·

602 2539 656 2589 et
684 2531 973 2608 lysanium
1002 2530 1190 2590 abilae

599 2641 708 2684 nae
736 2626 1020 2684 tetrarcha

608 2715 743 2776 ’sub
770 2719 1134 2795 principibus

600 2812 965 2871 sacerdotum
994 2831 1153 2872 anna

599 2914 653 2963 et
679 2905 898 2965 caiafa·
956 2905 1203 2965 Factum

599 3009 685 3059 est
710 3001 958 3059 uerbum
987 2999 1087 3059 dni
1116 3018 1185 3059 su

599 3111 699 3170 per
726 3093 1044 3153 iohannem
1064 3126 1079 3141 ·
1140 3113 1282 3154 zaca

598 3188 712 3248 riae
741 3188 923 3246 filium
953 3190 1014 3248 in
1043 3189 1211 3248 deser

598 3292 691 3343 to·
751 3282 846 3342 ³et
860 3285 1021 3343 uenit
1041 3285 1100 3342 in
1120 3289 1298 3344 omne

599 3378 899 3454 regionem
928 3379 1179 3437 iordanis
1201 3410 1215 3425 ·

600 3472 941 3547 praedicans
969 3473 1160 3549 baptis

602 3582 762 3623 mum
792 3567 1181 3642 paenitentiae
1201 3590 1214 3605 ·

601 3658 658 3716 in
687 3659 1092 3718 remissionem
1121 3678 1229 3736 pec

599 3762 858 3813 catorum
883 3784 897 3798 ·
962 3753 984 3785 ⁴
1000 3754 1147 3812 sicut

600 3848 877 3924 scriptum
905 3856 993 3905 est
1022 3847 1082 3905 in
1111 3847 1151 3905 li

601 3941 704 4000 bro
731 3958 1071 4001 sermonum

601 4036 786 4094 esaiae
816 4033 1072 4111 profetae
1103 4033 1274 4094 dicen

600 4128 670 4187 tis
688 4160 702 4175 ·
766 4127 906 4188 on
936 4127 1166 4186 claman

599 4219 670 4281 tis
737 4223 798 4280 in
826 4222 1057 4281 deserto

1354 3000 1627 3058 suscitare
1647 3000 1796 3058 filios
1815 3000 2028 3059 abraee

1352 3093 1374 3125 ⁹
1393 3092 1522 3151 Iam
1552 3104 1746 3152 autem
1777 3094 1997 3153 securis

1352 3186 1426 3245 ad
1454 3188 1711 3246 radicem
1739 3190 1948 3248 arborii

1353 3283 1539 3358 posita
1567 3291 1654 3341 est
1676 3313 1690 3328 ·
1755 3283 1949 3341 omnis

1351 3395 1494 3453 ergo
1524 3378 1699 3435 arbor
1726 3395 1878 3454 quae
1908 3387 2025 3434 n⁰n

1353 3470 1485 3530 facit
1507 3470 1755 3529 fructum
1786 3471 1947 3528 bonii

1353 3565 1654 3624 excidetur
1682 3573 1741 3624 et
1771 3564 1830 3621 in
1860 3565 1996 3640 igne'

1352 3660 1609 3719 mittetur
1628 3690 1641 3705 ·
1668 3690 1682 3705 ·
1704 3690 1718 3705 ·
1743 3656 1788 3690 ¹⁰
1801 3657 1880 3717 Et
1907 3659 2057 3717 inter

1351 3763 1707 3830 rogauerunt
1733 3752 1893 3811 illum

1353 3850 1554 3906 turbae
1584 3859 1642 3907 et
1671 3848 1942 3907 dixerunt
1963 3880 1974 3894 ·
1999 3881 2011 3895 ·

1354 3942 1495 4020 quid
1526 3941 1804 4000 faciemus
1831 3952 1895 4000 ut
1922 3942 1981 3999 ui

1351 4053 1560 4094 narnus
1579 4067 1592 4082 ·
1613 4067 1626 4081 ·
1648 4067 1662 4081 ·
1707 4034 1748 4067 ¹¹
1770 4035 2014 4111 Respon

1353 4128 1499 4188 dens
1529 4140 1724 4187 autem
1753 4128 1932 4187 iohan

1354 4241 1459 4283 nes
1486 4223 1628 4282 dixit
1655 4223 1762 4282 illis

1891 329 2248 392 LUCAN-

2165 500 2267 579 qui
2295 499 2471 560 habet
2499 497 2644 560 duas
2673 497 2797 559 tuni

2167 613 2270 653 cas
2297 593 2394 653 det
2423 613 2544 652 non
2575 595 2815 654 habenti
2834 625 2848 640 ·

2167 699 2227 747 et
2255 689 2354 766 qui
2383 689 2563 748 habet
2590 708 2756 749 escas

2169 783 2432 842 similiter
2463 783 2636 843 faciat
2660 815 2674 830 ·

2167 874 2212 907 ¹²
2230 875 2534 935 Uenerunt
2562 888 2755 937 autem
2786 886 2844 936 et

2168 970 2464 1047 puplicani
2493 982 2556 1029 ut
2583 972 2745 1048 bapti

2169 1073 2439 1123 zarentur
2458 1097 2472 1111 ·
2533 1064 2613 1124 Et
2641 1065 2775 1125 dixe

2169 1168 2305 1217 runt
2333 1159 2408 1217 ad
2438 1155 2600 1217 illum
2628 1160 2816 1237 magis

2168 1260 2255 1310 ter
2338 1253 2478 1330 quid
2507 1252 2784 1313 faciemus
2804 1284 2818 1300 ·

2168 1345 2212 1378 ¹³
2225 1347 2304 1405 At
2320 1347 2410 1406 ille
2427 1348 2571 1407 dixit
2587 1349 2671 1407 eis
2688 1379 2702 1394 ·
2736 1348 2877 1407 nihil

2172 1441 2423 1518 amplius
2453 1443 2732 1520 exigatis÷

2172 1553 2352 1612 quam
2381 1536 2542 1613 quod
2572 1537 2761 1596 consti

2171 1640 2359 1689 tutum
2389 1640 2478 1690 est
2507 1632 2677 1690 uobis
2701 1662 2714 1678 ·

2171 1719 2217 1756 ¹⁴
2234 1723 2749 1801 Interrogauerunt

2168 1828 2364 1876 autem
2396 1819 2555 1876 illum
2584 1830 2642 1878 et
2670 1820 2752 1877 mi

2168 1911 2297 1971 lites
2393 1913 2534 1991 quid
2562 1912 2711 1973 facie

2166 2023 2300 2064 mus
2330 2016 2389 2064 et
2417 2024 2527 2066 nos
2558 2036 2572 2052 ·
2638 2007 2739 2066 Ait
2767 2007 2805 2066 il

2165 2099 2235 2159 lis
2264 2101 2564 2159 neminem
2592 2119 2709 2160 con

2163 2194 2391 2253 cutiatis
2414 2226 2428 2241 ·
2489 2212 2682 2272 neque

2162 2289 2516 2348 calumniam
2545 2288 2769 2350 faciatis
2792 2321 2805 2337 ·

2163 2420 2243 2480 Et
2270 2422 2533 2481 contenti
2562 2431 2751 2483 estote

2164 2517 2468 2593 stipendiis
2496 2517 2706 2576 uestris

2163 2609 2207 2643 ¹⁶
2225 2609 2614 2670 Existimante
2645 2621 2840 2671 autem

2164 2705 2328 2765 omni
2357 2706 2579 2782 populo
2623 2705 2700 2763 Et
2730 2707 2867 2783 cogi

2164 2801 2418 2860 tantibus
2447 2800 2724 2859 omnibus

2163 2895 2226 2951 in
2253 2895 2528 2954 cordibus
2557 2895 2676 2954 suis
2705 2894 2779 2954 de

2164 2989 2418 3047 iohanne
2489 3008 2566 3048 ne
2597 2988 2744 3048 forte

2163 3084 2290 3159 ipse
2319 3093 2473 3142 esset
2501 3089 2612 3160 xps
2632 3114 2645 3130 ·

2161 3176 2203 3209 ¹⁶
2225 3177 2553 3253 Respondit
2581 3177 2868 3239 iohannes

2161 3271 2363 3331 dicens
2391 3272 2700 3331 omnibus·

3539 343 3628 413 77

2924 517 3121 559 aream
3150 516 3314 560 Suam
3334 531 3347 546 ·
3406 511 3464 561 et
3493 520 3609 562 con
3650 508 3774 559 Pol.
3794 508 3886 558 02.

2924 596 3193 671 gregabit
3222 596 3475 655 triticum

2925 688 2985 745 in
3015 688 3224 747 horreo
3255 707 3364 748 suo
3383 721 3397 736 ·
3461 708 3541 766 pa

2924 781 3044 840 leas
3073 793 3268 841 autem
3297 784 3584 844 conburet

2925 875 3047 951 igni
3077 877 3502 952 inextinguibili
3522 909 3538 924 ·

2924 967 3166 1028 ¹⁸Multa
3183 970 3420 1047 quidem
3439 982 3496 1030 et
3518 973 3634 1032 alia

2925 1063 3241 1124 exhortans
3260 1096 3275 1111 ·
3336 1083 3562 1143 euange

2924 1158 3132 1216 lizabat
3161 1159 3445 1235 populum
3470 1192 3485 1207 ·

2923 1249 3243 1312 ¹⁹Herodes
3261 1263 3455 1312 autem
3466 1264 3634 1315 tetr·r

2925 1346 3069 1405 cha·
3129 1365 3265 1405 cum
3292 1350 3584 1426 corripere

2925 1451 3018 1500 tur
3040 1441 3114 1500 ab
3138 1441 3235 1501 illo
3253 1473 3268 1488 ·
3328 1443 3398 1501 de
3429 1444 3631 1503 aerodi

2926 1536 3073 1594 adae
3100 1554 3284 1595 uxore
3314 1536 3499 1597 fratris

2927 1647 3066 1689 suae
3087 1661 3102 1676 ·
3163 1641 3222 1689 et
3251 1631 3323 1690 de
3352 1632 3632 1693 omnibus

2926 1724 3094 1782 malis
3122 1742 3274 1802 quae
3304 1725 3440 1784 fecit
3468 1726 3545 1787 he

2924 1819 3100 1877 rodes
3143 1816 3468 1878 ²⁰adieiecit
3496 1829 3557 1879 et

2926 1912 3040 1971 hoc
3069 1929 3246 1988 super
3274 1914 3477 1973 omnia
3495 1945 3512 1961 ·
3565 1909 3568 1913 ’

2925 2006 3001 2064 Et
3030 2007 3260 2065 inclusit
3287 2008 3545 2067 iohanne

2925 2099 2986 2157 in
3015 2119 3343 2160 carcaerem
3365 2133 3379 2147 ·
3424 2099 3466 2134 ²¹
3485 2102 3607 2162 Fac

2921 2202 3046 2251 tum
3075 2203 3163 2251 est
3189 2205 3384 2253 autem
3413 2214 3550 2255 cum

2920 2288 3245 2364 baptizatus
3273 2298 3424 2349 esset

2922 2419 3116 2479 omnis
3144 2420 3399 2498 populus
3421 2451 3436 2469 ·
3501 2430 3559 2483 et

2921 2513 3021 2571 ihu
3049 2515 3344 2591 baptizato
3374 2548 3388 2563 ·
3420 2526 3479 2576 et
3506 2534 3656 2578 oran

2920 2617 2976 2666 te
3005 2609 3225 2684 aperire
3255 2610 3485 2668 caelum

2923 2698 3042 2759 ”et
3070 2701 3426 2763 descendere
3455 2708 3590 2780 spm

2920 2801 3045 2854 scm
3073 2797 3364 2872 corporali
3392 2816 3499 2875 spe

2920 2890 3010 2949 cie
3040 2891 3187 2949 sicut
3216 2891 3490 2952 columba
3519 2893 3581 2951 in

2919 2984 3112 3061 ipsum
3131 3017 3145 3032 ·
3174 2985 3250 3044 Et
3271 3004 3389 3046 uox
3411 2987 3483 3047 de
3493 2988 3626 3049 celo

2918 3079 3044 3138 fieri
3072 3080 3274 3139 dicens
3295 3113 3309 3127 ·
3374 3093 3436 3140 tu
3465 3099 3529 3141 es

2920 3173 3072 3233 filius
3101 3193 3269 3234 meus
3297 3174 3542 3235 dilectus

2919 3267 2981 3325 in
3010 3277 3066 3326 te
3096 3269 3404 3345 conplacui
3423 3301 3437 3316 ·
3460 3302 3544 3315 —

2159 3366 2294 3443 Ego
2305 3367 2540 3444 quidem
2551 3385 2661 3425 uos
2681 3367 2740 3425 in
2749 3377 2896 3445 ⁸qua
2920 3359 3040 3419 mEt
3057 3363 3181 3439 ipse
3200 3363 3288 3421 ihs
3306 3374 3426 3422 erat
3444 3365 3625 3441 iri-cipi

2160 3462 2396 3538 baptizo
2421 3493 2435 3508 ·
2501 3462 2562 3519 ln
2591 3464 2869 3537 paeniten

2162 3557 2301 3615 tiam
2326 3588 2340 3603 ·
2401 3557 2599 3616 ueniet
2627 3560 2762 3614 aute

2162 3651 2364 3711 fortior
2391 3669 2488 3709 me
2518 3651 2684 3710 cuius

2161 3764 2285 3805 non
2315 3763 2447 3804 sum
2476 3744 2687 3820 dignus
2717 3742 2808 3803 cal

2161 3841 2453 3898 ciamenta
2480 3848 2708 3914 portare
2732 3868 2747 3883 ·

2161 3935 2298 4011 Ipse
2325 3951 2434 3991 uos
2462 3932 2779 4008 baptizabit

2158 4031 2218 4088 in
2247 4033 2356 4104 spu
2386 4033 2487 4085 sco
2517 4036 2573 4086 et
2603 4026 2723 4101 igni
2743 4057 2758 4072 ·

2156 4123 2198 4156 ¹⁷
2220 4134 2275 4182 et
2300 4121 2690 4181 uentilabrum
2719 4120 2779 4177 in

2922 3475 3029 3515 ens
3059 3456 3177 3515 fere
3205 3475 3495 3516 annorum

2920 3551 3154 3626 triginta
3174 3581 3187 3596 ·
3248 3551 3409 3627 quod
3437 3552 3574 3613 uide

2918 3646 3086 3703 batur
3115 3661 3244 3702 esse
3273 3644 3424 3703 filius

2918 3738 3122 3814 ioseph
3149 3768 3162 3784 ·
3207 3739 3308 3815 qui
3339 3740 3441 3797 fuit
3470 3739 3622 3800 filius

2918 3830 3030 3890 heli
3054 3862 3068 3877 ·
3099 3833 3198 3909 qui
3222 3832 3329 3891 fuit
3346 3834 3583 3892 matthei
3602 3866 3619 3882 ·

2915 3923 3200 4004 ”quisuib
3231 3927 3372 3985 leui·
3403 3928 3501 4004 qui
3515 3926 3622 3987 fuit

2915 4020 3152 4079 melchi·
3174 4021 3274 4097 qui
3293 4021 3398 4078 suit
3416 4021 3620 4082 ianne·

2911 4115 3011 4194 qui
3033 4114 3078 4173 ss
3093 4145 3106 4159 ·
3127 4115 3359 4193 ioseph·
3381 4116 3527 4193 ”qui
3547 4116 3623 4175 fr·

2158 4217 2469 4278 manueius
2525 4215 2863 4293 etpurgauit
2910 4208 3390 4288 mattathiae-qui
3409 4209 3456 4271 ss
3477 4228 3647 4273 amos
