4414 4917
602 336 740 388 XIV.
764 330 983 401 25-51.]

303 497 433 547 1⁸01.
454 498 581 547 1⁹0·
605 517 677 559 co
699 497 870 557 uobis
898 495 1061 572 quod

604 593 721 652 iam
750 610 872 652 non
899 592 1099 650 bibam

603 687 677 747 de
705 686 1084 764 generatione

602 782 738 841 uitis
765 797 988 857 usquae
1018 779 1080 837 in

605 876 762 935 diem
789 874 949 933 illum
978 891 1116 934 cum

607 970 747 1029 illud
775 971 975 1031 bibam
1002 969 1061 1026 in
1091 977 1188 1043 r0g

606 1083 689 1125 no
720 1064 809 1122 di·
836 1097 850 1112 ·
909 1061 1030 1122 “et
1056 1062 1288 1140 hymno

608 1159 765 1219 dicto
792 1160 1056 1218 exierunt

605 1255 667 1312 in
695 1262 957 1312 montem
983 1251 1139 1311 oliue

609 1348 651 1407 ti
673 1380 686 1394 ·
770 1346 815 1382 ²⁷
836 1347 916 1405 Et
943 1346 1024 1405 ait
1049 1345 1159 1405 illis
1187 1344 1278 1404 ihs

609 1441 765 1514 Quia
793 1458 1000 1500 omnes
1025 1456 1135 1499 uos

609 1535 949 1596 scandalum
991 1532 1144 1611 patie

610 1630 752 1688 mini
770 1659 785 1675 ·
869 1629 1153 1705 quoniam

613 1723 890 1800 scriptum
918 1732 1005 1781 est
1035 1740 1138 1798 per

612 1818 825 1877 cutiam
854 1820 1086 1894 pastore

611 1921 670 1976 et
696 1928 839 1971 oues
867 1909 1181 1986 dispargen

611 2016 702 2065 tur
723 2036 737 2051 ·
764 2036 779 2052 ·
863 2001 907 2036 ²⁸
926 2003 1040 2063 Sed
1070 2011 1205 2081 post

611 2117 789 2176 quam
817 2116 1074 2157 resurrex

614 2210 716 2254 ero
742 2193 1092 2271 praecedam

614 2343 724 2386 uos
757 2327 818 2385 in
845 2325 1115 2404 galileam
1134 2358 1215 2368 -

613 2422 659 2456 ²⁹
676 2420 877 2481 Petrus
904 2430 1096 2480 autem
1126 2421 1205 2480 ait
1231 2420 1286 2480 ei

615 2525 673 2576 et
701 2517 748 2575 si
776 2533 983 2576 omnes
1012 2533 1155 2575 scan

615 2609 842 2670 dalizati
873 2609 1078 2668 fuerint

617 2705 722 2764 sed
749 2722 865 2780 ego
895 2722 1018 2763 non
1046 2719 1191 2763 scan

617 2799 910 2859 dalizabor
931 2831 945 2845 ·
1029 2798 1075 2831 ⁸⁰
1093 2795 1203 2857 Cui

618 2894 762 2953 dixit
788 2893 877 2953 ihs
905 2909 1079 2953 amen
1109 2891 1167 2950 di

618 3007 692 3048 co
719 2988 821 3046 tibi
902 2987 1061 3064 quod
1089 2986 1202 3046 hac

619 3092 790 3142 nocte
818 3092 1132 3158 antequam

618 3177 709 3236 bis
735 3175 918 3253 gallus
946 3184 1141 3236 cantet

618 3280 705 3330 ter
731 3288 825 3329 me
852 3287 916 3328 es
944 3277 1159 3346 neg-atu

618 3382 715 3423 rus
735 3397 748 3411 ·
773 3396 788 3412 ·
830 3362 873 3397 ⁸¹
892 3374 1089 3441 petrus
1116 3381 1192 3421 au

616 3469 778 3519 utem
806 3457 1125 3518 abundanti

618 3571 689 3612 us
717 3553 1060 3630 loquebatur
1077 3582 1093 3598 ·

619 3647 697 3707 Et
723 3647 772 3706 si
799 3646 1119 3723 oportuerit

619 3749 715 3801 m'e
744 3741 914 3801 simul
943 3757 1181 3800 commo

617 3836 722 3894 rire
750 3846 943 3895 tecum
972 3852 1096 3893 non

619 3939 675 3990 te
705 3931 938 4009 negabo
968 3929 1138 3988 simili

621 4034 708 4084 ter
734 4035 932 4087 autem
958 4035 1017 4084 et
1043 4041 1254 4083 omnes

1926 323 2233 387 MARC·
2257 357 2271 371 ·

1361 495 1631 554 dixerunt
1653 519 1818 545 mm

1308 585 1337 618 *
1358 588 1403 622 ³²
1424 589 1501 648 Et
1527 590 1769 649 ueniunt
1797 590 1859 649 in
1888 609 1993 667 pre

1307 684 1342 717 ⁴*
1359 684 1520 743 dium
1549 683 1712 761 quod
1741 684 1857 744 dici

1308 776 1338 809 *
1362 789 1450 838 tur
1477 779 1815 854 gessemani
1839 811 1852 825 ·

1358 872 1435 932 Et
1463 873 1543 933 ait
1565 873 1860 950 discipulis

1359 968 1478 1026 suis
1562 968 1761 1027 sedete
1790 967 1886 1027 hic
1914 968 1994 1027 do

1358 1080 1468 1121 nec
1497 1080 1659 1121 orem
1685 1093 1699 1107 ·
1782 1061 1826 1095 ³³
1844 1061 1920 1121 Et
1947 1062 2024 1121 ad

1361 1156 1538 1215 sumit
1565 1167 1792 1233 petrum
1822 1165 1880 1216 et

1359 1251 1639 1310 iacobum
1666 1262 1725 1309 et
1752 1249 1930 1309 iohan

1356 1363 1493 1403 nem
1529 1362 1727 1404 secum
1746 1375 1761 1390 ·
1802 1345 1881 1403 Et
1908 1361 2014 1405 coe

1358 1440 1443 1516 pit
1470 1439 1669 1515 paueri
1697 1448 1755 1497 et
1782 1438 1903 1498 tedi

1359 1533 1440 1592 ari
1523 1532 1663 1592 “Et
1692 1533 1770 1591 ait
1798 1533 1908 1592 illis
1936 1533 2040 1592 tris

1362 1628 1434 1686 tis
1463 1636 1551 1686 est
1580 1628 1779 1686 anima
1808 1645 1943 1686 mea

1360 1739 1582 1797 usquae
1613 1720 1688 1780 ad
1718 1730 1967 1780 mortem

1363 1816 1640 1874 sustinete
1668 1813 1766 1874 hic
1835 1825 1895 1874 et
1923 1815 1982 1872 ui

1362 1910 1535 1987 gilate
1563 1927 1797 1968 mecum
1817 1942 1831 1956 ·
1900 1908 2040 1969 ”Et

1364 2022 1501 2063 cum
1528 2003 1883 2080 procesisset

1364 2098 1659 2176 paululum
1679 2128 1693 2144 ·
1780 2097 1944 2174 proci

1367 2192 1448 2251 dit
1475 2193 1536 2251 in
1564 2191 1773 2251 faciem
1804 2210 1979 2269 super

1365 2333 1579 2382 terram
1608 2333 1665 2383 et
1694 2323 1904 2382 orabat
1926 2354 1940 2369 ·

1366 2418 1414 2479 si
1443 2417 1566 2478 fieri
1600 2428 1794 2495 potest
1864 2427 1928 2478 ut

1364 2513 1630 2573 transiret
1658 2516 1734 2572 ab
1760 2530 1836 2572 eo

1365 2607 1509 2667 hora
1536 2607 1646 2667 hec
1728 2607 1773 2641 ³⁶
1792 2607 1870 2666 Et
1897 2606 2026 2667 dice

1367 2704 1468 2761 bat
1496 2703 1650 2761 abba
1677 2710 1840 2778 pater

1366 2797 1566 2855 omnia
1607 2795 1902 2873 possibilia

1366 2891 1469 2948 tibi
1505 2900 1637 2949 sunt
1657 2921 1672 2936 ·
1757 2899 1918 2949 trans

1368 2982 1452 3043 fer
1480 2983 1636 3043 hunc
1663 2983 1909 3043 calicem

1368 3096 1404 3137 a
1431 3096 1525 3136 me
1546 3110 1559 3124 ·
1607 3076 1724 3136 Sed
1745 3095 1868 3137 non
1891 3075 2052 3154 quod

1367 3191 1481 3249 ego
1509 3172 1649 3232 uolo
1676 3172 1782 3232 sed
1810 3171 1971 3248 quod

1365 3277 1429 3327 tu
1447 3267 1537 3326 uis
1561 3300 1574 3313 ·
1619 3267 1662 3300 ⁸⁷
1680 3265 1759 3325 Et
1777 3266 1890 3326 hoc
1914 3283 2050 3325 cum

1367 3360 1606 3421 dixisset
1640 3361 1800 3419 uenit
1880 3371 1939 3420 et

1367 3455 1590 3514 inuenit
1617 3472 1721 3514 eos
1751 3455 1859 3514 dor

1367 3549 1616 3608 mientes
1636 3581 1651 3595 ·
1735 3548 1814 3608 Et
1841 3549 1921 3607 ait

1369 3652 1538 3721 petro
1565 3643 1758 3702 simon
1787 3643 1895 3703 dor

1371 3738 1483 3798 mis
1502 3770 1515 3786 ·
1602 3755 1727 3797 non
1755 3737 1948 3814 potuis

1372 3833 1414 3891 ti
1444 3851 1563 3891 una
1590 3831 1738 3891 hora
1763 3832 1942 3907 uigila

1373 3946 1434 3986 re
1463 3944 1696 3986 mecum
1715 3957 1730 3973 ·
1813 3925 1991 4002 ³3uigi

1372 4022 1487 4082 late
1516 4031 1574 4081 et
1601 4031 1764 4082 orate
1792 4029 1856 4080 ut
1882 4038 2006 4080 non

2157 496 2407 556 ueniatis
2434 497 2498 556 in
2530 506 2651 556 tem

2159 592 2446 651 tationem
2516 596 2618 668 sps

2160 685 2399 762 quidem
2430 698 2698 764 promtus

2159 798 2301 839 caro
2330 791 2525 839 autem
2553 780 2685 839 infir

2159 891 2260 932 ma
2282 906 2295 921 ·
2380 874 2426 908 ⁸⁹
2443 875 2520 933 Et
2549 874 2760 934 iterum

2159 968 2302 1027 abiit
2330 987 2497 1028 orare
2525 987 2642 1028 eun

2161 1062 2300 1121 dem
2328 1081 2660 1122 sermonem

2162 1156 2363 1216 dicens
2388 1189 2402 1204 ·
2486 1156 2532 1190 ⁴⁰
2552 1158 2630 1217 Et
2656 1157 2795 1217 ueni

2160 1268 2268 1308 ens
2294 1251 2515 1310 inuenit
2542 1269 2648 1312 eos

2162 1345 2369 1404 iterum
2396 1345 2586 1405 dormi

2162 1449 2328 1498 entes
2352 1470 2367 1486 ·
2454 1451 2621 1499 erant

2162 1534 2322 1592 enim
2349 1534 2504 1592 oculi
2533 1538 2679 1593 eorii

2161 1627 2384 1703 grauati
2421 1645 2455 1686 a
2485 1644 2701 1687 somno

2162 1719 2239 1778 Et
2267 1720 2622 1796 ignorabant

2161 1813 2301 1890 quid
2328 1814 2617 1892 responde

2161 1918 2289 1967 rent
2316 1909 2370 1967 ei
2389 1939 2404 1954 ·
2487 1908 2532 1941 ⁴¹
2549 1908 2626 1966 Et
2653 1907 2818 1967 uenit

2162 2002 2328 2061 tertio
2355 2010 2413 2060 et
2440 2002 2520 2060 ait
2547 2002 2657 2061 illis

2163 2096 2408 2155 dormite
2437 2097 2555 2154 iam
2584 2106 2640 2155 et
2670 2114 2732 2155 re

2162 2190 2435 2267 quiescite
2517 2189 2646 2249 suffi

2162 2322 2243 2380 cit
2270 2321 2401 2380 finis
2427 2333 2487 2380 et
2517 2321 2723 2381 hora-

2161 2415 2325 2476 Ecce
2354 2414 2593 2476 traditur
2621 2416 2701 2477 fili

2162 2529 2233 2570 us
2261 2511 2514 2571 hominis
2541 2510 2602 2569 in
2631 2530 2731 2573 ma

2164 2622 2274 2663 nus
2300 2613 2680 2681 peccatorum

2162 2695 2210 2732 ⁴²
2227 2699 2445 2775 surgite
2475 2716 2680 2758 eamus

2162 2791 2321 2852 Ecce
2349 2792 2759 2870 adpropinqua

2162 2887 2244 2946 uit
2273 2887 2372 2964 qui
2401 2906 2496 2946 me
2523 2887 2708 2947 tradet

2162 2981 2207 3015 ⁴³
2229 2981 2457 3041 Etcum
2476 2982 2669 3041 adhuc
2690 2982 2868 3060 loque

2161 3087 2319 3136 retur
2336 3108 2351 3124 ·
2437 3075 2617 3136 Uenit
2644 3076 2706 3136 iu

2164 3170 2271 3229 das
2299 3169 2553 3231 scarioth
2582 3188 2734 3230 unus

2164 3265 2238 3325 de
2269 3265 2578 3325 duodecim
2601 3296 2616 3312 ·
2698 3265 2779 3325 Et

2164 3378 2301 3419 cum
2330 3377 2405 3418 eo
2434 3361 2603 3418 turba
2632 3377 2769 3419 cum

2164 3453 2373 3531 gladiis
2400 3465 2458 3512 et
2488 3453 2737 3512 fustibus

2165 3549 2222 3607 A
2251 3547 2608 3625 principibus
2636 3565 2801 3607 sacer

2167 3641 2376 3701 dotum
2409 3652 2465 3700 et
2496 3640 2698 3701 scribis

2166 3746 2228 3796 et
2254 3736 2581 3796 senioribus
2606 3765 2667 3781 ·-

2166 3831 2212 3865 ⁴⁴
2234 3830 2492 3889 Dederat
2520 3838 2715 3888 autem
2742 3828 2843 3906 qui

2166 3942 2303 3984 eum
2331 3924 2639 3984 traditurus

2167 4029 2290 4080 erat
2318 4019 2550 4096 signum
2579 4019 2780 4079 dicens

3495 344 3617 414 133

2913 497 3137 559 Dicens
3160 529 3177 545 ·
3259 500 3536 576 quemct‘iv

2914 611 3029 670 que
3058 593 3360 653 osculatus
3389 594 3452 653 fu

2913 704 3026 746 ero·
3100 688 3227 764 ipse
3256 698 3346 748 est
3374 698 3433 747 te

2915 791 3050 840 nete
3079 799 3216 840 eum
3245 793 3301 841 et
3331 782 3490 842 abdu

2915 876 3027 933 cite
3058 876 3405 957 diligenter·

2913 969 2959 1002 ⁴⁶
2976 969 3055 1028 Et
3082 988 3219 1029 cum
3248 971 3595 1032 accessisset

2914 1064 2993 1123 ait
3022 1063 3102 1122 illi
3128 1065 3292 1123 rabbi
3356 1075 3418 1124 et

2914 1158 3211 1217 osculatus
3237 1170 3326 1219 est
3353 1164 3428 1218 eii

2913 1253 2958 1285 ⁴⁶
2980 1252 3155 1311 Tunc
3183 1251 3263 1311 illi
3291 1271 3502 1314 manus
3529 1254 3586 1313 ei

2913 1345 3233 1406 iniecerunt
3299 1357 3359 1408 et
3386 1357 3443 1407 te

2915 1449 3167 1502 nuerunt
3195 1459 3331 1500 eum
3356 1474 3369 1489 ·

2916 1552 3070 1593 unus
3100 1535 3173 1593 de
3203 1535 3427 1594 circum

2920 1628 3212 1688 stantibus
3241 1647 3414 1688 exem

2916 1731 2980 1781 to
3008 1721 3205 1797 gladio
3234 1739 3446 1798 percus

2914 1815 2989 1874 sit
3018 1832 3210 1875 serum
3239 1816 3429 1892 princi

2915 1909 3005 1986 pis
3035 1909 3404 1968 sacerdotum

2914 2002 2992 2061 Et
3018 2004 3343 2080 amputauit
3368 2003 3448 2062 illi
3477 2022 3554 2064 au

2914 2096 3158 2155 riculam
3177 2127 3192 2143 ·
3276 2097 3319 2129 ⁴⁸
3336 2097 3426 2156 ihs
3455 2116 3531 2158 au

2915 2199 3034 2250 tem
3064 2191 3142 2249 ait
3169 2191 3279 2251 illis
3361 2200 3483 2251 tam

3455 1442 3502 1476 4⁷
3519 1442 3598 1501 Et

2916 2340 3095 2400 quam
3124 2320 3199 2380 ad
3228 2321 3453 2382 latrone

2916 2415 3117 2476 existis
3144 2433 3283 2476 cum
3310 2415 3410 2493 gla

2917 2510 3028 2570 diis
3056 2520 3114 2569 et
3144 2510 3392 2569 fustibus

2916 2603 3336 2681 conprehende

2917 2717 2980 2758 re
3008 2716 3105 2757 me
3186 2698 3230 2730 ⁴⁹
3249 2699 3488 2760 cottidie

2919 2811 3081 2852 eram
3110 2794 3269 2870 apud
3296 2811 3406 2853 uos

2918 2886 3139 2946 docens
3166 2887 3229 2945 in
3257 2896 3378 2946 tem

2919 2980 3019 3058 plo
3048 2991 3106 3040 et
3132 2998 3255 3041 non
3283 2991 3423 3041 tenu

2917 3075 3042 3135 istis
3070 3094 3164 3135 me
3184 3107 3199 3122 ·
3284 3076 3390 3135 sed
3418 3088 3482 3137 ut

2921 3170 3264 3246 impleantur
3292 3170 3445 3248 scrip

2925 3274 3084 3324 turae
3104 3295 3119 3311 ·
3142 3296 3156 3311 ·
3219 3264 3265 3296 ⁶⁰
3283 3264 3361 3323 Et
3390 3265 3537 3325 telin

2923 3368 3169 3435 quentes
3198 3375 3336 3416 eum

2923 3468 3133 3510 omnes
3163 3449 3433 3526 fugerunt

2923 3545 2966 3579 ⁸¹
2983 3543 3349 3603 Adulescens
3379 3549 3514 3604 aute

2923 3638 3161 3715 quidam
3190 3638 3379 3714 seque

2922 3735 3093 3794 batur
3116 3750 3251 3791 eum
3280 3732 3433 3792 amic

2922 3838 3014 3886 tus
3043 3826 3292 3886 sindone
3321 3844 3394 3887 su

2922 3941 3028 4000 pra
3054 3920 3282 3979 nudum
3308 3920 3388 3980 Et

2922 4026 3230 4077 tenuerunt
3256 4033 3394 4074 eum

3646 503 3773 553 rol.
3794 505 3920 556 197.
