<?xml version="1.0" encoding="UTF-8"?>
<!DOCTYPE html PUBLIC "-//W3C//DTD XHTML 1.0 Transitional//EN"
    "http://www.w3.org/TR/xhtml1/DTD/xhtml1-transitional.dtd">
<html xmlns="http://www.w3.org/1999/xhtml" xml:lang="en" lang="en">
 <head>
  <title>
</title>
<meta http-equiv="Content-Type" content="text/html;charset=utf-8" />
  <meta name='ocr-system' content='tesseract 3.04.00' />
  <meta name='ocr-capabilities' content='ocr_page ocr_carea ocr_par ocr_line ocrx_word'/>
</head>
<body>
  <div class='ocr_page' id='page_1' title='image "./oldlatinbiblica00wordgoog_0123.png"; bbox 0 0 4414 4917; ppageno 0'>
   <div class='ocr_carea' id='block_1_1' title="bbox 601 303 3619 407">
    <p class='ocr_par' dir='ltr' id='par_1_1' title="bbox 601 303 3619 407">
     <span class='ocr_line' id='line_1_1' title="bbox 601 303 3619 407; baseline 0.003 -34"><span class='ocrx_word' id='word_1_1' title='bbox 601 326 1005 389; x_wconf 75' lang='lat' dir='ltr'>x111.34-X1V.</span> <span class='ocrx_word' id='word_1_2' title='bbox 1035 321 1138 387; x_wconf 80' lang='lat'><strong>26.]</strong></span> <span class='ocrx_word' id='word_1_3' title='bbox 1876 314 2097 376; x_wconf 80' lang='lat' dir='ltr'><em>IOHA</em></span> <span class='ocrx_word' id='word_1_4' title='bbox 2109 303 2349 376; x_wconf 78' lang='lat' dir='ltr'><em>NNE&#39;·</em></span> <span class='ocrx_word' id='word_1_5' title='bbox 3535 322 3619 407; x_wconf 87' lang='lat'>63</span> 
     </span>
    </p>
   </div>
   <div class='ocr_carea' id='block_1_2' title="bbox 289 488 3912 4198">
    <p class='ocr_par' dir='ltr' id='par_1_2' title="bbox 289 488 3912 4198">
     <span class='ocr_line' id='line_1_2' title="bbox 289 488 3912 570; baseline 0.005 -27"><span class='ocrx_word' id='word_1_6' title='bbox 289 496 419 544; x_wconf 69' lang='lat' dir='ltr'>rol.</span> <span class='ocrx_word' id='word_1_7' title='bbox 442 496 568 547; x_wconf 78' lang='lat'><strong>235.</strong></span> <span class='ocrx_word' id='word_1_8' title='bbox 601 488 645 524; x_wconf 82' lang='lat'>⁸⁴</span> <span class='ocrx_word' id='word_1_9' title='bbox 662 489 1002 549; x_wconf 90' lang='lat' dir='ltr'>mandatum</span> <span class='ocrx_word' id='word_1_10' title='bbox 1024 495 1185 549; x_wconf 78' lang='lat' dir='ltr'>nout&#39;i</span> <span class='ocrx_word' id='word_1_11' title='bbox 1349 490 1584 549; x_wconf 87' lang='lat' dir='ltr'>ueniam</span> <span class='ocrx_word' id='word_1_12' title='bbox 1611 500 1669 550; x_wconf 90' lang='lat' dir='ltr'>et</span> <span class='ocrx_word' id='word_1_13' title='bbox 1698 508 1832 550; x_wconf 90' lang='lat' dir='ltr'>acer</span> <span class='ocrx_word' id='word_1_14' title='bbox 2151 491 2191 523; x_wconf 91' lang='lat'>¹¹</span> <span class='ocrx_word' id='word_1_15' title='bbox 2215 492 2447 552; x_wconf 85' lang='lat' dir='ltr'>Credite</span> <span class='ocrx_word' id='word_1_16' title='bbox 2481 493 2623 551; x_wconf 90' lang='lat' dir='ltr'>mihi</span> <span class='ocrx_word' id='word_1_17' title='bbox 2652 494 2786 570; x_wconf 90' lang='lat' dir='ltr'>quia</span> <span class='ocrx_word' id='word_1_18' title='bbox 2907 513 3002 554; x_wconf 93' lang='lat' dir='ltr'>me</span> <span class='ocrx_word' id='word_1_19' title='bbox 3031 495 3147 553; x_wconf 89' lang='lat' dir='ltr'>iam</span> <span class='ocrx_word' id='word_1_20' title='bbox 3178 513 3300 556; x_wconf 90' lang='lat' dir='ltr'>non</span> <span class='ocrx_word' id='word_1_21' title='bbox 3331 497 3464 557; x_wconf 92' lang='lat' dir='ltr'>uide</span> <span class='ocrx_word' id='word_1_22' title='bbox 3639 514 3759 563; x_wconf 66' lang='lat'>1³01.</span> <span class='ocrx_word' id='word_1_23' title='bbox 3786 516 3912 563; x_wconf 75' lang='lat'><strong>286.</strong></span> 
     </span>
     <span class='ocr_line' id='line_1_3' title="bbox 602 583 3506 665; baseline 0.002 -21"><span class='ocrx_word' id='word_1_24' title='bbox 602 585 681 646; x_wconf 93' lang='lat' dir='ltr'>do</span> <span class='ocrx_word' id='word_1_25' title='bbox 708 586 878 645; x_wconf 92' lang='lat' dir='ltr'>uobis</span> <span class='ocrx_word' id='word_1_26' title='bbox 906 595 969 643; x_wconf 93' lang='lat' dir='ltr'>ut</span> <span class='ocrx_word' id='word_1_27' title='bbox 1000 583 1176 661; x_wconf 88' lang='lat' dir='ltr'>diliga</span> <span class='ocrx_word' id='word_1_28' title='bbox 1350 584 1497 642; x_wconf 90' lang='lat' dir='ltr'>siam</span> <span class='ocrx_word' id='word_1_29' title='bbox 1525 602 1634 643; x_wconf 91' lang='lat' dir='ltr'>uos</span> <span class='ocrx_word' id='word_1_30' title='bbox 1662 585 1738 643; x_wconf 89' lang='lat' dir='ltr'>ad</span> <span class='ocrx_word' id='word_1_31' title='bbox 1766 604 1862 644; x_wconf 89' lang='lat' dir='ltr'>me</span> <span class='ocrx_word' id='word_1_32' title='bbox 2152 604 2268 664; x_wconf 90' lang='lat' dir='ltr'>ego</span> <span class='ocrx_word' id='word_1_33' title='bbox 2297 588 2357 645; x_wconf 92' lang='lat' dir='ltr'>in</span> <span class='ocrx_word' id='word_1_34' title='bbox 2385 598 2546 664; x_wconf 89' lang='lat' dir='ltr'>patre</span> <span class='ocrx_word' id='word_1_35' title='bbox 2577 597 2635 647; x_wconf 92' lang='lat' dir='ltr'>et</span> <span class='ocrx_word' id='word_1_36' title='bbox 2663 606 2740 665; x_wconf 92' lang='lat' dir='ltr'>pa</span> <span class='ocrx_word' id='word_1_37' title='bbox 2907 588 3028 647; x_wconf 92' lang='lat' dir='ltr'>dit·</span> <span class='ocrx_word' id='word_1_38' title='bbox 3088 608 3195 649; x_wconf 91' lang='lat' dir='ltr'>uos</span> <span class='ocrx_word' id='word_1_39' title='bbox 3225 601 3421 651; x_wconf 88' lang='lat' dir='ltr'>autem</span> <span class='ocrx_word' id='word_1_40' title='bbox 3447 594 3506 650; x_wconf 92' lang='lat' dir='ltr'>ui</span> 
     </span>
     <span class='ocr_line' id='line_1_4' title="bbox 596 678 3541 763; baseline 0.003 -25"><span class='ocrx_word' id='word_1_41' title='bbox 596 682 670 740; x_wconf 89' lang='lat' dir='ltr'>tis</span> <span class='ocrx_word' id='word_1_42' title='bbox 699 681 953 740; x_wconf 89' lang='lat' dir='ltr'>inuicem</span> <span class='ocrx_word' id='word_1_43' title='bbox 983 680 1130 739; x_wconf 91' lang='lat' dir='ltr'>sicut</span> <span class='ocrx_word' id='word_1_44' title='bbox 1349 678 1542 755; x_wconf 88' lang='lat' dir='ltr'>ipsum</span> <span class='ocrx_word' id='word_1_45' title='bbox 1567 709 1580 724; x_wconf 92' lang='lat'><strong>·</strong></span> <span class='ocrx_word' id='word_1_46' title='bbox 1640 688 1703 738; x_wconf 90' lang='lat' dir='ltr'>ut</span> <span class='ocrx_word' id='word_1_47' title='bbox 1723 680 1821 737; x_wconf 94' lang='lat' dir='ltr'>ubi</span> <span class='ocrx_word' id='word_1_48' title='bbox 1851 697 1884 739; x_wconf 94' lang='lat' dir='ltr'>e</span> <span class='ocrx_word' id='word_1_49' title='bbox 2153 691 2237 741; x_wconf 92' lang='lat' dir='ltr'>ter</span> <span class='ocrx_word' id='word_1_50' title='bbox 2263 682 2322 740; x_wconf 90' lang='lat' dir='ltr'>in</span> <span class='ocrx_word' id='word_1_51' title='bbox 2352 701 2446 741; x_wconf 91' lang='lat' dir='ltr'>me</span> <span class='ocrx_word' id='word_1_52' title='bbox 2474 707 2486 720; x_wconf 92' lang='lat'><strong>·</strong></span> <span class='ocrx_word' id='word_1_53' title='bbox 2528 682 2622 741; x_wconf 93' lang='lat' dir='ltr'>uel</span> <span class='ocrx_word' id='word_1_54' title='bbox 2651 693 2795 761; x_wconf 75' lang='lat' dir='ltr'>prop</span> <span class='ocrx_word' id='word_1_55' title='bbox 2908 683 3117 743; x_wconf 87' lang='lat' dir='ltr'>debitis</span> <span class='ocrx_word' id='word_1_56' title='bbox 3144 702 3239 744; x_wconf 89' lang='lat' dir='ltr'>me</span> <span class='ocrx_word' id='word_1_57' title='bbox 3265 713 3278 726; x_wconf 90' lang='lat'><strong>·</strong></span> <span class='ocrx_word' id='word_1_58' title='bbox 3342 687 3479 763; x_wconf 92' lang='lat' dir='ltr'>quia</span> <span class='ocrx_word' id='word_1_59' title='bbox 3508 707 3541 747; x_wconf 90' lang='lat' dir='ltr'>e</span> 
     </span>
     <span class='ocr_line' id='line_1_5' title="bbox 599 771 3535 853; baseline 0.002 -19"><span class='ocrx_word' id='word_1_60' title='bbox 599 775 773 834; x_wconf 84' lang='lat' dir='ltr'>dilexi</span> <span class='ocrx_word' id='word_1_61' title='bbox 801 792 912 834; x_wconf 90' lang='lat' dir='ltr'>uos</span> <span class='ocrx_word' id='word_1_62' title='bbox 986 784 1049 833; x_wconf 92' lang='lat' dir='ltr'>ut</span> <span class='ocrx_word' id='word_1_63' title='bbox 1074 783 1131 833; x_wconf 93' lang='lat' dir='ltr'>et</span> <span class='ocrx_word' id='word_1_64' title='bbox 1157 785 1257 833; x_wconf 74' lang='lat' dir='ltr'>uos</span> <span class='ocrx_word' id='word_1_65' title='bbox 1346 790 1426 849; x_wconf 89' lang='lat' dir='ltr'>go</span> <span class='ocrx_word' id='word_1_66' title='bbox 1457 791 1585 831; x_wconf 91' lang='lat' dir='ltr'>sum</span> <span class='ocrx_word' id='word_1_67' title='bbox 1613 784 1672 832; x_wconf 91' lang='lat' dir='ltr'>et</span> <span class='ocrx_word' id='word_1_68' title='bbox 1698 792 1806 832; x_wconf 91' lang='lat' dir='ltr'>uos</span> <span class='ocrx_word' id='word_1_69' title='bbox 1835 771 1954 833; x_wconf 81' lang='lat' dir='ltr'>sit¹s</span> <span class='ocrx_word' id='word_1_70' title='bbox 1974 805 1988 821; x_wconf 90' lang='lat'><strong>·</strong></span> <span class='ocrx_word' id='word_1_71' title='bbox 2152 786 2239 835; x_wconf 93' lang='lat' dir='ltr'>ter</span> <span class='ocrx_word' id='word_1_72' title='bbox 2265 794 2446 852; x_wconf 88' lang='lat' dir='ltr'>opera</span> <span class='ocrx_word' id='word_1_73' title='bbox 2474 777 2633 836; x_wconf 89' lang='lat' dir='ltr'>credi</span> <span class='ocrx_word' id='word_1_74' title='bbox 2906 796 2988 853; x_wconf 90' lang='lat' dir='ltr'>go</span> <span class='ocrx_word' id='word_1_75' title='bbox 3015 778 3151 837; x_wconf 91' lang='lat' dir='ltr'>uiuo</span> <span class='ocrx_word' id='word_1_76' title='bbox 3180 789 3238 838; x_wconf 91' lang='lat' dir='ltr'>et</span> <span class='ocrx_word' id='word_1_77' title='bbox 3264 797 3374 840; x_wconf 92' lang='lat' dir='ltr'>uos</span> <span class='ocrx_word' id='word_1_78' title='bbox 3401 782 3535 840; x_wconf 90' lang='lat' dir='ltr'>uiue</span> 
     </span>
     <span class='ocr_line' id='line_1_6' title="bbox 600 867 3588 953; baseline 0.002 -24"><span class='ocrx_word' id='word_1_79' title='bbox 600 870 852 947; x_wconf 87' lang='lat' dir='ltr'>diligatis</span> <span class='ocrx_word' id='word_1_80' title='bbox 881 870 1132 928; x_wconf 90' lang='lat' dir='ltr'>inuicem</span> <span class='ocrx_word' id='word_1_81' title='bbox 1156 900 1171 915; x_wconf 90' lang='lat'><strong>·</strong></span> <span class='ocrx_word' id='word_1_82' title='bbox 1346 867 1367 900; x_wconf 87' lang='lat'><strong>⁴</strong></span> <span class='ocrx_word' id='word_1_83' title='bbox 1385 877 1442 926; x_wconf 93' lang='lat' dir='ltr'>et</span> <span class='ocrx_word' id='word_1_84' title='bbox 1464 886 1583 945; x_wconf 91' lang='lat' dir='ltr'>quo</span> <span class='ocrx_word' id='word_1_85' title='bbox 1603 868 1759 928; x_wconf 83' lang='lat' dir='ltr'>uado</span> <span class='ocrx_word' id='word_1_86' title='bbox 1794 887 1904 928; x_wconf 91' lang='lat' dir='ltr'>nos</span> <span class='ocrx_word' id='word_1_87' title='bbox 2152 881 2210 930; x_wconf 91' lang='lat' dir='ltr'>te</span> <span class='ocrx_word' id='word_1_88' title='bbox 2238 871 2380 929; x_wconf 89' lang='lat' dir='ltr'>mihi</span> <span class='ocrx_word' id='word_1_89' title='bbox 2402 903 2415 917; x_wconf 93' lang='lat'><strong>·</strong></span> <span class='ocrx_word' id='word_1_90' title='bbox 2481 869 2525 903; x_wconf 79' lang='lat'>¹²</span> <span class='ocrx_word' id='word_1_91' title='bbox 2545 873 2740 932; x_wconf 87' lang='lat' dir='ltr'>Amen</span> <span class='ocrx_word' id='word_1_92' title='bbox 2909 872 2979 930; x_wconf 90' lang='lat' dir='ltr'>tis</span> <span class='ocrx_word' id='word_1_93' title='bbox 3003 903 3017 918; x_wconf 92' lang='lat'><strong>·</strong></span> <span class='ocrx_word' id='word_1_94' title='bbox 3064 870 3108 903; x_wconf 75' lang='lat'>²⁰</span> <span class='ocrx_word' id='word_1_95' title='bbox 3126 874 3187 930; x_wconf 91' lang='lat' dir='ltr'>in</span> <span class='ocrx_word' id='word_1_96' title='bbox 3217 874 3313 932; x_wconf 89' lang='lat' dir='ltr'>illa</span> <span class='ocrx_word' id='word_1_97' title='bbox 3340 875 3434 934; x_wconf 90' lang='lat' dir='ltr'>die</span> <span class='ocrx_word' id='word_1_98' title='bbox 3469 894 3588 953; x_wconf 86' lang='lat' dir='ltr'>cog</span> 
     </span>
     <span class='ocr_line' id='line_1_7' title="bbox 598 962 3478 1046; baseline 0.002 -23"><span class='ocrx_word' id='word_1_99' title='bbox 598 965 645 997; x_wconf 78' lang='lat'>³⁸</span> <span class='ocrx_word' id='word_1_100' title='bbox 662 965 734 1024; x_wconf 91' lang='lat' dir='ltr'>In</span> <span class='ocrx_word' id='word_1_101' title='bbox 764 964 878 1025; x_wconf 87' lang='lat' dir='ltr'>hoc</span> <span class='ocrx_word' id='word_1_102' title='bbox 901 965 1048 1023; x_wconf 90' lang='lat' dir='ltr'>sient</span> <span class='ocrx_word' id='word_1_103' title='bbox 1076 983 1286 1024; x_wconf 91' lang='lat' dir='ltr'>omnes</span> <span class='ocrx_word' id='word_1_104' title='bbox 1345 962 1417 1020; x_wconf 89' lang='lat' dir='ltr'>tis</span> <span class='ocrx_word' id='word_1_105' title='bbox 1445 973 1504 1020; x_wconf 92' lang='lat' dir='ltr'>et</span> <span class='ocrx_word' id='word_1_106' title='bbox 1528 962 1688 1021; x_wconf 88' lang='lat' dir='ltr'>uiam</span> <span class='ocrx_word' id='word_1_107' title='bbox 1717 964 1908 1023; x_wconf 90' lang='lat' dir='ltr'>scitis·</span> <span class='ocrx_word' id='word_1_108' title='bbox 2150 982 2326 1023; x_wconf 91' lang='lat' dir='ltr'>amen</span> <span class='ocrx_word' id='word_1_109' title='bbox 2354 964 2490 1025; x_wconf 93' lang='lat' dir='ltr'>dico</span> <span class='ocrx_word' id='word_1_110' title='bbox 2517 967 2684 1025; x_wconf 91' lang='lat' dir='ltr'>uobis</span> <span class='ocrx_word' id='word_1_111' title='bbox 2909 969 3165 1026; x_wconf 90' lang='lat' dir='ltr'>noscetis</span> <span class='ocrx_word' id='word_1_112' title='bbox 3196 986 3305 1028; x_wconf 89' lang='lat' dir='ltr'>uos</span> <span class='ocrx_word' id='word_1_113' title='bbox 3335 976 3478 1046; x_wconf 70' lang='lat' dir='ltr'>qum</span> 
     </span>
     <span class='ocr_line' id='line_1_8' title="bbox 599 1053 3574 1139; baseline 0.002 -21"><span class='ocrx_word' id='word_1_114' title='bbox 599 1060 760 1136; x_wconf 91' lang='lat' dir='ltr'>quod</span> <span class='ocrx_word' id='word_1_115' title='bbox 789 1060 905 1119; x_wconf 91' lang='lat' dir='ltr'>mei</span> <span class='ocrx_word' id='word_1_116' title='bbox 936 1060 1164 1135; x_wconf 88' lang='lat' dir='ltr'>discipu</span> <span class='ocrx_word' id='word_1_117' title='bbox 1344 1053 1366 1088; x_wconf 83' lang='lat'>⁶</span> <span class='ocrx_word' id='word_1_118' title='bbox 1385 1055 1542 1115; x_wconf 88' lang='lat' dir='ltr'>Dicit</span> <span class='ocrx_word' id='word_1_119' title='bbox 1569 1057 1650 1115; x_wconf 90' lang='lat' dir='ltr'>illi</span> <span class='ocrx_word' id='word_1_120' title='bbox 1679 1057 1910 1117; x_wconf 85' lang='lat' dir='ltr'>thomas</span> <span class='ocrx_word' id='word_1_121' title='bbox 2149 1059 2248 1134; x_wconf 90' lang='lat' dir='ltr'>qui</span> <span class='ocrx_word' id='word_1_122' title='bbox 2278 1059 2459 1118; x_wconf 90' lang='lat' dir='ltr'>credit</span> <span class='ocrx_word' id='word_1_123' title='bbox 2489 1060 2549 1117; x_wconf 93' lang='lat' dir='ltr'>in</span> <span class='ocrx_word' id='word_1_124' title='bbox 2577 1079 2674 1119; x_wconf 91' lang='lat' dir='ltr'>me</span> <span class='ocrx_word' id='word_1_125' title='bbox 2909 1079 3022 1138; x_wconf 91' lang='lat' dir='ltr'>ego</span> <span class='ocrx_word' id='word_1_126' title='bbox 3051 1063 3113 1120; x_wconf 93' lang='lat' dir='ltr'>in</span> <span class='ocrx_word' id='word_1_127' title='bbox 3142 1073 3368 1139; x_wconf 88' lang='lat' dir='ltr'>patrem</span> <span class='ocrx_word' id='word_1_128' title='bbox 3397 1072 3535 1125; x_wconf 72' lang='lat' dir='ltr'>mesi</span> <span class='ocrx_word' id='word_1_129' title='bbox 3560 1097 3574 1112; x_wconf 91' lang='lat'><strong>·</strong></span> 
     </span>
     <span class='ocr_line' id='line_1_9' title="bbox 599 1150 3550 1236; baseline 0.003 -26"><span class='ocrx_word' id='word_1_130' title='bbox 599 1153 638 1211; x_wconf 92' lang='lat' dir='ltr'>li</span> <span class='ocrx_word' id='word_1_131' title='bbox 660 1154 799 1213; x_wconf 86' lang='lat' dir='ltr'>estis</span> <span class='ocrx_word' id='word_1_132' title='bbox 827 1153 877 1214; x_wconf 86' lang='lat' dir='ltr'>si</span> <span class='ocrx_word' id='word_1_133' title='bbox 899 1154 1136 1213; x_wconf 66' lang='lat' dir='ltr'>caritate</span> <span class='ocrx_word' id='word_1_134' title='bbox 1345 1150 1458 1209; x_wconf 76' lang='lat' dir='ltr'>dfie</span> <span class='ocrx_word' id='word_1_135' title='bbox 1479 1181 1493 1197; x_wconf 93' lang='lat'><strong>·</strong></span> <span class='ocrx_word' id='word_1_136' title='bbox 1555 1152 1848 1211; x_wconf 89' lang='lat' dir='ltr'>nescimus</span> <span class='ocrx_word' id='word_1_137' title='bbox 1877 1163 1987 1229; x_wconf 89' lang='lat' dir='ltr'>qu0</span> <span class='ocrx_word' id='word_1_138' title='bbox 2149 1170 2330 1229; x_wconf 85' lang='lat' dir='ltr'>opera</span> <span class='ocrx_word' id='word_1_139' title='bbox 2359 1172 2509 1230; x_wconf 92' lang='lat' dir='ltr'>quae</span> <span class='ocrx_word' id='word_1_140' title='bbox 2538 1172 2653 1231; x_wconf 84' lang='lat' dir='ltr'>ego</span> <span class='ocrx_word' id='word_1_141' title='bbox 2683 1154 2740 1214; x_wconf 84' lang='lat' dir='ltr'>fa</span> <span class='ocrx_word' id='word_1_142' title='bbox 2909 1165 2967 1214; x_wconf 91' lang='lat' dir='ltr'>et</span> <span class='ocrx_word' id='word_1_143' title='bbox 2993 1172 3102 1214; x_wconf 90' lang='lat' dir='ltr'>uos</span> <span class='ocrx_word' id='word_1_144' title='bbox 3131 1158 3193 1215; x_wconf 92' lang='lat' dir='ltr'>in</span> <span class='ocrx_word' id='word_1_145' title='bbox 3222 1176 3318 1216; x_wconf 93' lang='lat' dir='ltr'>me</span> <span class='ocrx_word' id='word_1_146' title='bbox 3347 1169 3405 1217; x_wconf 89' lang='lat' dir='ltr'>et</span> <span class='ocrx_word' id='word_1_147' title='bbox 3433 1177 3550 1236; x_wconf 88' lang='lat' dir='ltr'>ego</span> 
     </span>
     <span class='ocr_line' id='line_1_10' title="bbox 599 1244 3582 1329; baseline 0.002 -23"><span class='ocrx_word' id='word_1_148' title='bbox 599 1247 912 1307; x_wconf 87' lang='lat' dir='ltr'>habueritis</span> <span class='ocrx_word' id='word_1_149' title='bbox 934 1248 994 1306; x_wconf 91' lang='lat' dir='ltr'>in</span> <span class='ocrx_word' id='word_1_150' title='bbox 1017 1249 1137 1307; x_wconf 91' lang='lat' dir='ltr'>inui</span> <span class='ocrx_word' id='word_1_151' title='bbox 1342 1244 1510 1305; x_wconf 91' lang='lat' dir='ltr'>uadis</span> <span class='ocrx_word' id='word_1_152' title='bbox 1538 1256 1596 1304; x_wconf 92' lang='lat' dir='ltr'>et</span> <span class='ocrx_word' id='word_1_153' title='bbox 1617 1245 1776 1304; x_wconf 91' lang='lat' dir='ltr'>unde</span> <span class='ocrx_word' id='word_1_154' title='bbox 1804 1263 1884 1322; x_wconf 92' lang='lat' dir='ltr'>po</span> <span class='ocrx_word' id='word_1_155' title='bbox 2149 1247 2247 1306; x_wconf 93' lang='lat' dir='ltr'>cio</span> <span class='ocrx_word' id='word_1_156' title='bbox 2277 1256 2334 1305; x_wconf 93' lang='lat' dir='ltr'>et</span> <span class='ocrx_word' id='word_1_157' title='bbox 2363 1247 2456 1307; x_wconf 92' lang='lat' dir='ltr'>ille</span> <span class='ocrx_word' id='word_1_158' title='bbox 2485 1247 2658 1308; x_wconf 91' lang='lat' dir='ltr'>faciet</span> <span class='ocrx_word' id='word_1_159' title='bbox 2682 1280 2696 1296; x_wconf 88' lang='lat'><strong>·</strong></span> <span class='ocrx_word' id='word_1_160' title='bbox 2908 1250 2969 1307; x_wconf 92' lang='lat' dir='ltr'>in</span> <span class='ocrx_word' id='word_1_161' title='bbox 2997 1252 3168 1310; x_wconf 91' lang='lat' dir='ltr'>uobis</span> <span class='ocrx_word' id='word_1_162' title='bbox 3217 1249 3260 1284; x_wconf 81' lang='lat'>²¹</span> <span class='ocrx_word' id='word_1_163' title='bbox 3279 1254 3382 1329; x_wconf 91' lang='lat' dir='ltr'>qui</span> <span class='ocrx_word' id='word_1_164' title='bbox 3410 1250 3582 1314; x_wconf 84' lang='lat' dir='ltr'>habet</span> 
     </span>
     <span class='ocr_line' id='line_1_11' title="bbox 599 1341 3571 1408; baseline 0.002 -7"><span class='ocrx_word' id='word_1_165' title='bbox 599 1360 730 1402; x_wconf 91' lang='lat' dir='ltr'>cem</span> <span class='ocrx_word' id='word_1_166' title='bbox 749 1373 763 1388; x_wconf 91' lang='lat'><strong>·</strong></span> <span class='ocrx_word' id='word_1_167' title='bbox 786 1375 799 1389; x_wconf 93' lang='lat'><strong>·</strong></span> <span class='ocrx_word' id='word_1_168' title='bbox 826 1374 840 1389; x_wconf 91' lang='lat'><strong>·</strong></span> <span class='ocrx_word' id='word_1_169' title='bbox 885 1341 1095 1401; x_wconf 70' lang='lat' dir='ltr'>”Dicit</span> <span class='ocrx_word' id='word_1_170' title='bbox 1123 1341 1203 1401; x_wconf 91' lang='lat' dir='ltr'>illi</span> <span class='ocrx_word' id='word_1_171' title='bbox 1235 1343 1284 1402; x_wconf 89' lang='lat' dir='ltr'>si</span> <span class='ocrx_word' id='word_1_172' title='bbox 1343 1356 1542 1399; x_wconf 89' lang='lat' dir='ltr'>sumus</span> <span class='ocrx_word' id='word_1_173' title='bbox 1570 1341 1728 1399; x_wconf 90' lang='lat' dir='ltr'>uiam</span> <span class='ocrx_word' id='word_1_174' title='bbox 1757 1341 1903 1399; x_wconf 89' lang='lat' dir='ltr'>scire</span> <span class='ocrx_word' id='word_1_175' title='bbox 2149 1349 2209 1399; x_wconf 93' lang='lat' dir='ltr'>et</span> <span class='ocrx_word' id='word_1_176' title='bbox 2236 1342 2458 1401; x_wconf 92' lang='lat' dir='ltr'>maiora</span> <span class='ocrx_word' id='word_1_177' title='bbox 2487 1342 2575 1400; x_wconf 92' lang='lat' dir='ltr'>his</span> <span class='ocrx_word' id='word_1_178' title='bbox 2598 1342 2712 1402; x_wconf 85' lang='lat' dir='ltr'>faci</span> <span class='ocrx_word' id='word_1_179' title='bbox 2910 1345 3186 1405; x_wconf 87' lang='lat' dir='ltr'>mandata</span> <span class='ocrx_word' id='word_1_180' title='bbox 3215 1365 3350 1406; x_wconf 89' lang='lat' dir='ltr'>mea</span> <span class='ocrx_word' id='word_1_181' title='bbox 3378 1358 3437 1407; x_wconf 92' lang='lat' dir='ltr'>et</span> <span class='ocrx_word' id='word_1_182' title='bbox 3465 1366 3571 1408; x_wconf 92' lang='lat' dir='ltr'>cus</span> 
     </span>
     <span class='ocr_line' id='line_1_12' title="bbox 600 1434 3463 1515; baseline 0.002 -20"><span class='ocrx_word' id='word_1_183' title='bbox 600 1454 743 1496; x_wconf 90' lang='lat' dir='ltr'>mon</span> <span class='ocrx_word' id='word_1_184' title='bbox 770 1446 1001 1514; x_wconf 83' lang='lat' dir='ltr'>petrus·</span> <span class='ocrx_word' id='word_1_185' title='bbox 1046 1436 1162 1495; x_wconf 75' lang='lat' dir='ltr'>dr‘ie</span> <span class='ocrx_word' id='word_1_186' title='bbox 1342 1434 1363 1466; x_wconf 86' lang='lat'>⁸</span> <span class='ocrx_word' id='word_1_187' title='bbox 1381 1434 1538 1493; x_wconf 92' lang='lat' dir='ltr'>Dicit</span> <span class='ocrx_word' id='word_1_188' title='bbox 1567 1434 1645 1492; x_wconf 91' lang='lat' dir='ltr'>illi</span> <span class='ocrx_word' id='word_1_189' title='bbox 1675 1434 1764 1493; x_wconf 86' lang='lat' dir='ltr'>ihs</span> <span class='ocrx_word' id='word_1_190' title='bbox 1833 1453 1947 1512; x_wconf 88' lang='lat' dir='ltr'>ego</span> <span class='ocrx_word' id='word_1_191' title='bbox 1977 1441 2045 1494; x_wconf 76' lang='grc' dir='ltr'>εὖ</span> <span class='ocrx_word' id='word_1_192' title='bbox 2150 1445 2207 1494; x_wconf 93' lang='lat' dir='ltr'>et</span> <span class='ocrx_word' id='word_1_193' title='bbox 2232 1467 2245 1481; x_wconf 93' lang='lat'><strong>·</strong></span> <span class='ocrx_word' id='word_1_194' title='bbox 2304 1437 2441 1513; x_wconf 84' lang='lat' dir='ltr'>quia</span> <span class='ocrx_word' id='word_1_195' title='bbox 2461 1456 2575 1514; x_wconf 89' lang='lat' dir='ltr'>ego</span> <span class='ocrx_word' id='word_1_196' title='bbox 2594 1437 2670 1496; x_wconf 90' lang='lat' dir='ltr'>ad</span> <span class='ocrx_word' id='word_1_197' title='bbox 2698 1456 2776 1515; x_wconf 92' lang='lat' dir='ltr'>pa</span> <span class='ocrx_word' id='word_1_198' title='bbox 2911 1438 3057 1498; x_wconf 88' lang='lat' dir='ltr'>todit</span> <span class='ocrx_word' id='word_1_199' title='bbox 3085 1440 3183 1499; x_wconf 91' lang='lat' dir='ltr'>illa</span> <span class='ocrx_word' id='word_1_200' title='bbox 3251 1441 3346 1501; x_wconf 91' lang='lat' dir='ltr'>ille</span> <span class='ocrx_word' id='word_1_201' title='bbox 3377 1452 3463 1501; x_wconf 90' lang='lat' dir='ltr'>est</span> 
     </span>
     <span class='ocr_line' id='line_1_13' title="bbox 601 1528 3550 1614; baseline 0.002 -24"><span class='ocrx_word' id='word_1_202' title='bbox 601 1549 720 1609; x_wconf 91' lang='lat' dir='ltr'>quo</span> <span class='ocrx_word' id='word_1_203' title='bbox 749 1532 917 1592; x_wconf 91' lang='lat' dir='ltr'>uadis</span> <span class='ocrx_word' id='word_1_204' title='bbox 937 1558 951 1571; x_wconf 92' lang='lat'><strong>·</strong></span> <span class='ocrx_word' id='word_1_205' title='bbox 1015 1530 1136 1591; x_wconf 87' lang='lat' dir='ltr'>Res</span> <span class='ocrx_word' id='word_1_206' title='bbox 1343 1528 1438 1587; x_wconf 89' lang='lat' dir='ltr'>uia</span> <span class='ocrx_word' id='word_1_207' title='bbox 1465 1539 1523 1588; x_wconf 90' lang='lat' dir='ltr'>et</span> <span class='ocrx_word' id='word_1_208' title='bbox 1551 1530 1765 1588; x_wconf 88' lang='lat' dir='ltr'>ueritas</span> <span class='ocrx_word' id='word_1_209' title='bbox 1793 1538 1851 1588; x_wconf 89' lang='lat' dir='ltr'>et</span> <span class='ocrx_word' id='word_1_210' title='bbox 2149 1539 2298 1589; x_wconf 88' lang='lat' dir='ltr'>trem</span> <span class='ocrx_word' id='word_1_211' title='bbox 2327 1531 2484 1590; x_wconf 91' lang='lat' dir='ltr'>uado</span> <span class='ocrx_word' id='word_1_212' title='bbox 2507 1562 2522 1578; x_wconf 90' lang='lat'><strong>·</strong></span> <span class='ocrx_word' id='word_1_213' title='bbox 2566 1531 2613 1565; x_wconf 84' lang='lat'>¹³</span> <span class='ocrx_word' id='word_1_214' title='bbox 2628 1543 2685 1592; x_wconf 91' lang='lat' dir='ltr'>et</span> <span class='ocrx_word' id='word_1_215' title='bbox 2714 1533 2857 1611; x_wconf 90' lang='lat' dir='ltr'>quid</span> <span class='ocrx_word' id='word_1_216' title='bbox 2908 1534 3007 1609; x_wconf 90' lang='lat' dir='ltr'>qui</span> <span class='ocrx_word' id='word_1_217' title='bbox 3037 1552 3133 1594; x_wconf 91' lang='lat' dir='ltr'>me</span> <span class='ocrx_word' id='word_1_218' title='bbox 3163 1535 3349 1612; x_wconf 87' lang='lat' dir='ltr'>diligit</span> <span class='ocrx_word' id='word_1_219' title='bbox 3372 1568 3385 1582; x_wconf 93' lang='lat'><strong>·</strong></span> <span class='ocrx_word' id='word_1_220' title='bbox 3448 1537 3550 1614; x_wconf 92' lang='lat' dir='ltr'>qui</span> 
     </span>
     <span class='ocr_line' id='line_1_14' title="bbox 601 1623 3454 1707; baseline 0.001 -22"><span class='ocrx_word' id='word_1_221' title='bbox 601 1626 838 1705; x_wconf 86' lang='lat' dir='ltr'>spondit</span> <span class='ocrx_word' id='word_1_222' title='bbox 859 1627 938 1685; x_wconf 93' lang='lat' dir='ltr'>illi</span> <span class='ocrx_word' id='word_1_223' title='bbox 967 1625 1056 1684; x_wconf 86' lang='lat' dir='ltr'>ihs</span> <span class='ocrx_word' id='word_1_224' title='bbox 1220 1688 1225 1693; x_wconf 12' lang='lat' dir='ltr'>N</span> <span class='ocrx_word' id='word_1_225' title='bbox 1343 1623 1462 1681; x_wconf 90' lang='lat' dir='ltr'>uita</span> <span class='ocrx_word' id='word_1_226' title='bbox 1486 1653 1500 1669; x_wconf 88' lang='lat'><strong>·</strong></span> <span class='ocrx_word' id='word_1_227' title='bbox 1560 1641 1738 1683; x_wconf 93' lang='lat' dir='ltr'>nemo</span> <span class='ocrx_word' id='word_1_228' title='bbox 1764 1625 1923 1683; x_wconf 91' lang='lat' dir='ltr'>uenit</span> <span class='ocrx_word' id='word_1_229' title='bbox 2150 1624 2291 1701; x_wconf 92' lang='lat' dir='ltr'>quid</span> <span class='ocrx_word' id='word_1_230' title='bbox 2320 1625 2596 1701; x_wconf 90' lang='lat' dir='ltr'>petieritis</span> <span class='ocrx_word' id='word_1_231' title='bbox 2918 1637 3116 1685; x_wconf 90' lang='lat' dir='ltr'>autem</span> <span class='ocrx_word' id='word_1_232' title='bbox 3146 1628 3329 1707; x_wconf 89' lang='lat' dir='ltr'>diligit</span> <span class='ocrx_word' id='word_1_233' title='bbox 3356 1649 3454 1689; x_wconf 89' lang='lat' dir='ltr'>me</span> 
     </span>
     <span class='ocr_line' id='line_1_15' title="bbox 601 1716 3565 1801; baseline 0.002 -22"><span class='ocrx_word' id='word_1_234' title='bbox 601 1739 718 1799; x_wconf 91' lang='lat' dir='ltr'>quo</span> <span class='ocrx_word' id='word_1_235' title='bbox 747 1739 863 1797; x_wconf 89' lang='lat' dir='ltr'>ego</span> <span class='ocrx_word' id='word_1_236' title='bbox 890 1720 1047 1779; x_wconf 89' lang='lat' dir='ltr'>uado</span> <span class='ocrx_word' id='word_1_237' title='bbox 1075 1738 1198 1778; x_wconf 91' lang='lat' dir='ltr'>non</span> <span class='ocrx_word' id='word_1_238' title='bbox 1343 1716 1419 1776; x_wconf 87' lang='lat' dir='ltr'>ad</span> <span class='ocrx_word' id='word_1_239' title='bbox 1447 1727 1674 1794; x_wconf 87' lang='lat' dir='ltr'>patrem</span> <span class='ocrx_word' id='word_1_240' title='bbox 1704 1719 1813 1777; x_wconf 92' lang='lat' dir='ltr'>nisi</span> <span class='ocrx_word' id='word_1_241' title='bbox 2148 1718 2210 1776; x_wconf 94' lang='lat' dir='ltr'>in</span> <span class='ocrx_word' id='word_1_242' title='bbox 2238 1720 2477 1779; x_wconf 88' lang='lat' dir='ltr'>nomine</span> <span class='ocrx_word' id='word_1_243' title='bbox 2506 1739 2642 1781; x_wconf 91' lang='lat' dir='ltr'>meo</span> <span class='ocrx_word' id='word_1_244' title='bbox 2910 1720 3179 1798; x_wconf 89' lang='lat' dir='ltr'>diligetur</span> <span class='ocrx_word' id='word_1_245' title='bbox 3207 1742 3242 1782; x_wconf 92' lang='lat' dir='ltr'>a</span> <span class='ocrx_word' id='word_1_246' title='bbox 3271 1735 3438 1801; x_wconf 89' lang='lat' dir='ltr'>patre</span> <span class='ocrx_word' id='word_1_247' title='bbox 3468 1744 3565 1785; x_wconf 89' lang='lat' dir='ltr'>me</span> 
     </span>
     <span class='ocr_line' id='line_1_16' title="bbox 599 1811 3516 1895; baseline 0.001 -21"><span class='ocrx_word' id='word_1_248' title='bbox 599 1826 766 1892; x_wconf 90' lang='lat' dir='ltr'>potes</span> <span class='ocrx_word' id='word_1_249' title='bbox 795 1835 889 1875; x_wconf 88' lang='lat' dir='ltr'>me</span> <span class='ocrx_word' id='word_1_250' title='bbox 918 1833 1074 1874; x_wconf 89' lang='lat' dir='ltr'>nunc</span> <span class='ocrx_word' id='word_1_251' title='bbox 1098 1832 1160 1874; x_wconf 88' lang='lat' dir='ltr'>se</span> <span class='ocrx_word' id='word_1_252' title='bbox 1345 1830 1449 1888; x_wconf 87' lang='lat' dir='ltr'>per</span> <span class='ocrx_word' id='word_1_253' title='bbox 1478 1830 1573 1871; x_wconf 90' lang='lat' dir='ltr'>me</span> <span class='ocrx_word' id='word_1_254' title='bbox 1599 1856 1613 1873; x_wconf 89' lang='lat'><strong>.</strong></span> <span class='ocrx_word' id='word_1_255' title='bbox 1654 1813 1677 1847; x_wconf 83' lang='lat'>⁷</span> <span class='ocrx_word' id='word_1_256' title='bbox 1694 1823 1751 1871; x_wconf 90' lang='lat' dir='ltr'>et</span> <span class='ocrx_word' id='word_1_257' title='bbox 1780 1814 1829 1873; x_wconf 90' lang='lat' dir='ltr'>si</span> <span class='ocrx_word' id='word_1_258' title='bbox 1859 1831 1956 1873; x_wconf 92' lang='lat' dir='ltr'>me</span> <span class='ocrx_word' id='word_1_259' title='bbox 2149 1811 2265 1872; x_wconf 91' lang='lat' dir='ltr'>hoc</span> <span class='ocrx_word' id='word_1_260' title='bbox 2295 1812 2504 1873; x_wconf 86' lang='lat' dir='ltr'>faciam</span> <span class='ocrx_word' id='word_1_261' title='bbox 2574 1825 2637 1874; x_wconf 92' lang='lat' dir='ltr'>ut</span> <span class='ocrx_word' id='word_1_262' title='bbox 2909 1834 2948 1874; x_wconf 96' lang='lat' dir='ltr'>o</span> <span class='ocrx_word' id='word_1_263' title='bbox 2977 1827 3035 1875; x_wconf 90' lang='lat' dir='ltr'>et</span> <span class='ocrx_word' id='word_1_264' title='bbox 3063 1835 3178 1893; x_wconf 87' lang='lat' dir='ltr'>ego</span> <span class='ocrx_word' id='word_1_265' title='bbox 3208 1818 3448 1895; x_wconf 84' lang='lat' dir='ltr'>diligam</span> <span class='ocrx_word' id='word_1_266' title='bbox 3477 1820 3516 1878; x_wconf 93' lang='lat' dir='ltr'>il</span> 
     </span>
     <span class='ocr_line' id='line_1_17' title="bbox 600 1905 3494 1988; baseline 0.001 -19"><span class='ocrx_word' id='word_1_267' title='bbox 600 1912 697 1988; x_wconf 91' lang='lat' dir='ltr'>qui</span> <span class='ocrx_word' id='word_1_268' title='bbox 721 1935 734 1950; x_wconf 92' lang='lat'><strong>·</strong></span> <span class='ocrx_word' id='word_1_269' title='bbox 801 1910 1058 1985; x_wconf 87' lang='lat' dir='ltr'>sequeris</span> <span class='ocrx_word' id='word_1_270' title='bbox 1088 1926 1163 1967; x_wconf 90' lang='lat' dir='ltr'>au</span> <span class='ocrx_word' id='word_1_271' title='bbox 1343 1907 1526 1967; x_wconf 91' lang='lat' dir='ltr'>nostis</span> <span class='ocrx_word' id='word_1_272' title='bbox 1556 1916 1613 1966; x_wconf 91' lang='lat' dir='ltr'>et</span> <span class='ocrx_word' id='word_1_273' title='bbox 1642 1917 1867 1984; x_wconf 89' lang='lat' dir='ltr'>patrem</span> <span class='ocrx_word' id='word_1_274' title='bbox 2150 1905 2564 1967; x_wconf 87' lang='lat' dir='ltr'>honorificetur</span> <span class='ocrx_word' id='word_1_275' title='bbox 2909 1910 3031 1968; x_wconf 91' lang='lat' dir='ltr'>lum</span> <span class='ocrx_word' id='word_1_276' title='bbox 3099 1922 3155 1970; x_wconf 90' lang='lat' dir='ltr'>et</span> <span class='ocrx_word' id='word_1_277' title='bbox 3182 1913 3494 1973; x_wconf 89' lang='lat' dir='ltr'>ostendam</span> 
     </span>
     <span class='ocr_line' id='line_1_18' title="bbox 599 2002 3615 2083; baseline 0.001 -18"><span class='ocrx_word' id='word_1_278' title='bbox 599 2016 719 2065; x_wconf 86' lang='lat' dir='ltr'>tem</span> <span class='ocrx_word' id='word_1_279' title='bbox 748 2015 987 2083; x_wconf 91' lang='lat' dir='ltr'>postea·</span> <span class='ocrx_word' id='word_1_280' title='bbox 1032 2003 1076 2037; x_wconf 77' lang='lat'>³⁷</span> <span class='ocrx_word' id='word_1_281' title='bbox 1093 2003 1233 2062; x_wconf 90' lang='lat' dir='ltr'>dicit</span> <span class='ocrx_word' id='word_1_282' title='bbox 1342 2019 1539 2060; x_wconf 90' lang='lat' dir='ltr'>meum</span> <span class='ocrx_word' id='word_1_283' title='bbox 1560 2003 1843 2078; x_wconf 86' lang='lat' dir='ltr'>cognosci</span> <span class='ocrx_word' id='word_1_284' title='bbox 2150 2010 2316 2077; x_wconf 90' lang='lat' dir='ltr'>pater</span> <span class='ocrx_word' id='word_1_285' title='bbox 2343 2002 2404 2058; x_wconf 91' lang='lat' dir='ltr'>in</span> <span class='ocrx_word' id='word_1_286' title='bbox 2426 2002 2609 2061; x_wconf 89' lang='lat' dir='ltr'>filium</span> <span class='ocrx_word' id='word_1_287' title='bbox 2907 2004 2986 2062; x_wconf 89' lang='lat' dir='ltr'>illi</span> <span class='ocrx_word' id='word_1_288' title='bbox 3015 2023 3110 2064; x_wconf 90' lang='lat' dir='ltr'>me</span> <span class='ocrx_word' id='word_1_289' title='bbox 3140 2006 3331 2082; x_wconf 90' lang='lat' dir='ltr'>ipsum</span> <span class='ocrx_word' id='word_1_290' title='bbox 3353 2038 3368 2054; x_wconf 90' lang='lat'><strong>·</strong></span> <span class='ocrx_word' id='word_1_291' title='bbox 3412 2005 3457 2039; x_wconf 77' lang='lat'>²²</span> <span class='ocrx_word' id='word_1_292' title='bbox 3475 2009 3615 2068; x_wconf 88' lang='lat' dir='ltr'>dicit</span> 
     </span>
     <span class='ocr_line' id='line_1_19' title="bbox 600 2094 3514 2177; baseline 0.001 -19"><span class='ocrx_word' id='word_1_293' title='bbox 600 2100 678 2158; x_wconf 93' lang='lat' dir='ltr'>illi</span> <span class='ocrx_word' id='word_1_294' title='bbox 707 2110 903 2177; x_wconf 86' lang='lat' dir='ltr'>petrus</span> <span class='ocrx_word' id='word_1_295' title='bbox 927 2130 941 2143; x_wconf 92' lang='lat'><strong>·</strong></span> <span class='ocrx_word' id='word_1_296' title='bbox 1004 2098 1117 2157; x_wconf 74' lang='lat' dir='ltr'>dx‘ie</span> <span class='ocrx_word' id='word_1_297' title='bbox 1342 2096 1415 2153; x_wconf 89' lang='lat' dir='ltr'>tis</span> <span class='ocrx_word' id='word_1_298' title='bbox 1434 2127 1448 2141; x_wconf 92' lang='lat'><strong>·</strong></span> <span class='ocrx_word' id='word_1_299' title='bbox 1509 2106 1566 2155; x_wconf 91' lang='lat' dir='ltr'>et</span> <span class='ocrx_word' id='word_1_300' title='bbox 1594 2114 1669 2155; x_wconf 83' lang='lat' dir='ltr'>ex</span> <span class='ocrx_word' id='word_1_301' title='bbox 1699 2114 1857 2155; x_wconf 90' lang='lat' dir='ltr'>nunc</span> <span class='ocrx_word' id='word_1_302' title='bbox 1889 2115 2006 2173; x_wconf 89' lang='lat' dir='ltr'>cog</span> <span class='ocrx_word' id='word_1_303' title='bbox 2151 2094 2193 2125; x_wconf 74' lang='lat'>¹¹</span> <span class='ocrx_word' id='word_1_304' title='bbox 2216 2095 2265 2154; x_wconf 87' lang='lat' dir='ltr'>si</span> <span class='ocrx_word' id='word_1_305' title='bbox 2294 2096 2434 2171; x_wconf 91' lang='lat' dir='ltr'>quid</span> <span class='ocrx_word' id='word_1_306' title='bbox 2462 2096 2738 2172; x_wconf 90' lang='lat' dir='ltr'>petieritis</span> <span class='ocrx_word' id='word_1_307' title='bbox 2908 2099 2989 2157; x_wconf 91' lang='lat' dir='ltr'>illi</span> <span class='ocrx_word' id='word_1_308' title='bbox 3017 2100 3183 2158; x_wconf 89' lang='lat' dir='ltr'>iudas</span> <span class='ocrx_word' id='word_1_309' title='bbox 3213 2119 3334 2161; x_wconf 91' lang='lat' dir='ltr'>non</span> <span class='ocrx_word' id='word_1_310' title='bbox 3362 2105 3514 2162; x_wconf 88' lang='lat' dir='ltr'>scari</span> 
     </span>
     <span class='ocr_line' id='line_1_20' title="bbox 602 2188 3501 2273; baseline 0.001 -21"><span class='ocrx_word' id='word_1_311' title='bbox 602 2212 779 2270; x_wconf 89' lang='lat' dir='ltr'>quare</span> <span class='ocrx_word' id='word_1_312' title='bbox 809 2212 932 2252; x_wconf 91' lang='lat' dir='ltr'>non</span> <span class='ocrx_word' id='word_1_313' title='bbox 954 2203 1153 2269; x_wconf 61' lang='lat' dir='ltr'>posu*</span> <span class='ocrx_word' id='word_1_314' title='bbox 1342 2191 1598 2249; x_wconf 89' lang='lat' dir='ltr'>noscetis</span> <span class='ocrx_word' id='word_1_315' title='bbox 1624 2209 1759 2250; x_wconf 88' lang='lat' dir='ltr'>eum</span> <span class='ocrx_word' id='word_1_316' title='bbox 1787 2201 1843 2251; x_wconf 94' lang='lat' dir='ltr'>et</span> <span class='ocrx_word' id='word_1_317' title='bbox 2148 2188 2211 2246; x_wconf 89' lang='lat' dir='ltr'>in</span> <span class='ocrx_word' id='word_1_318' title='bbox 2241 2190 2479 2248; x_wconf 88' lang='lat' dir='ltr'>nomine</span> <span class='ocrx_word' id='word_1_319' title='bbox 2507 2209 2644 2249; x_wconf 92' lang='lat' dir='ltr'>meo</span> <span class='ocrx_word' id='word_1_320' title='bbox 2908 2193 3048 2253; x_wconf 88' lang='lat' dir='ltr'>otha</span> <span class='ocrx_word' id='word_1_321' title='bbox 3071 2225 3085 2241; x_wconf 88' lang='lat'><strong>·</strong></span> <span class='ocrx_word' id='word_1_322' title='bbox 3130 2194 3244 2254; x_wconf 74' lang='lat' dir='ltr'>dr‘ie</span> <span class='ocrx_word' id='word_1_323' title='bbox 3275 2206 3332 2256; x_wconf 92' lang='lat' dir='ltr'>et</span> <span class='ocrx_word' id='word_1_324' title='bbox 3360 2198 3501 2273; x_wconf 92' lang='lat' dir='ltr'>quid</span> 
     </span>
     <span class='ocr_line' id='line_1_21' title="bbox 603 2283 3434 2367; baseline 0.004 -27"><span class='ocrx_word' id='word_1_325' title='bbox 603 2300 657 2348; x_wconf 78' lang='lat' dir='ltr'>te</span> <span class='ocrx_word' id='word_1_326' title='bbox 679 2289 843 2366; x_wconf 82' lang='lat' dir='ltr'>sequi</span> <span class='ocrx_word' id='word_1_327' title='bbox 872 2287 1053 2347; x_wconf 86' lang='lat' dir='ltr'>modo</span> <span class='ocrx_word' id='word_1_328' title='bbox 1341 2284 1567 2343; x_wconf 89' lang='lat' dir='ltr'>uidistis</span> <span class='ocrx_word' id='word_1_329' title='bbox 1596 2302 1732 2343; x_wconf 91' lang='lat' dir='ltr'>eum</span> <span class='ocrx_word' id='word_1_330' title='bbox 2150 2301 2265 2360; x_wconf 89' lang='lat' dir='ltr'>ego</span> <span class='ocrx_word' id='word_1_331' title='bbox 2287 2283 2499 2343; x_wconf 90' lang='lat' dir='ltr'>faciam</span> <span class='ocrx_word' id='word_1_332' title='bbox 2527 2319 2610 2329; x_wconf 91' lang='lat'>—</span> <span class='ocrx_word' id='word_1_333' title='bbox 2907 2285 3128 2347; x_wconf 87' lang='lat' dir='ltr'>factum</span> <span class='ocrx_word' id='word_1_334' title='bbox 3156 2299 3243 2348; x_wconf 88' lang='lat' dir='ltr'>est</span> <span class='ocrx_word' id='word_1_335' title='bbox 3271 2291 3434 2367; x_wconf 92' lang='lat' dir='ltr'>quod</span> 
     </span>
     <span class='ocr_line' id='line_1_22' title="bbox 603 2411 3450 2495; baseline 0.001 -15"><span class='ocrx_word' id='word_1_336' title='bbox 603 2421 858 2480; x_wconf 87' lang='lat' dir='ltr'>animam</span> <span class='ocrx_word' id='word_1_337' title='bbox 886 2437 1078 2479; x_wconf 89' lang='lat' dir='ltr'>meam</span> <span class='ocrx_word' id='word_1_338' title='bbox 1349 2414 1369 2447; x_wconf 82' lang='lat'>⁸</span> <span class='ocrx_word' id='word_1_339' title='bbox 1387 2416 1527 2476; x_wconf 92' lang='lat' dir='ltr'>dicit</span> <span class='ocrx_word' id='word_1_340' title='bbox 1554 2417 1632 2476; x_wconf 91' lang='lat' dir='ltr'>illi</span> <span class='ocrx_word' id='word_1_341' title='bbox 1667 2416 1898 2495; x_wconf 91' lang='lat' dir='ltr'>filippus</span> <span class='ocrx_word' id='word_1_342' title='bbox 2123 2411 2200 2446; x_wconf 79' lang='lat'>*¹⁵</span> <span class='ocrx_word' id='word_1_343' title='bbox 2222 2414 2282 2474; x_wconf 93' lang='lat' dir='ltr'>Si</span> <span class='ocrx_word' id='word_1_344' title='bbox 2312 2414 2544 2493; x_wconf 88' lang='lat' dir='ltr'>diligitis</span> <span class='ocrx_word' id='word_1_345' title='bbox 2573 2435 2668 2477; x_wconf 91' lang='lat' dir='ltr'>me</span> <span class='ocrx_word' id='word_1_346' title='bbox 2697 2435 2837 2477; x_wconf 85' lang='lat' dir='ltr'>man</span> <span class='ocrx_word' id='word_1_347' title='bbox 2912 2420 3082 2481; x_wconf 90' lang='lat' dir='ltr'>nobis</span> <span class='ocrx_word' id='word_1_348' title='bbox 3111 2431 3450 2484; x_wconf 88' lang='lat' dir='ltr'>ostensurus</span> 
     </span>
     <span class='ocr_line' id='line_1_23' title="bbox 605 2508 3518 2593; baseline 0.001 -18"><span class='ocrx_word' id='word_1_349' title='bbox 605 2534 707 2593; x_wconf 89' lang='lat' dir='ltr'>pro</span> <span class='ocrx_word' id='word_1_350' title='bbox 738 2527 793 2575; x_wconf 91' lang='lat' dir='ltr'>te</span> <span class='ocrx_word' id='word_1_351' title='bbox 822 2533 1018 2592; x_wconf 90' lang='lat' dir='ltr'>pono·</span> <span class='ocrx_word' id='word_1_352' title='bbox 1063 2510 1244 2572; x_wconf 63' lang='lat' dir='ltr'>”Res</span> <span class='ocrx_word' id='word_1_353' title='bbox 1351 2510 1465 2570; x_wconf 81' lang='lat' dir='ltr'>dx‘ie</span> <span class='ocrx_word' id='word_1_354' title='bbox 1493 2512 1736 2571; x_wconf 88' lang='lat' dir='ltr'>ostende</span> <span class='ocrx_word' id='word_1_355' title='bbox 1766 2514 1935 2571; x_wconf 90' lang='lat' dir='ltr'>nobis</span> <span class='ocrx_word' id='word_1_356' title='bbox 2124 2508 2294 2570; x_wconf 80' lang='lat' dir='ltr'>*data</span> <span class='ocrx_word' id='word_1_357' title='bbox 2322 2530 2455 2570; x_wconf 91' lang='lat' dir='ltr'>mea</span> <span class='ocrx_word' id='word_1_358' title='bbox 2481 2522 2708 2571; x_wconf 90' lang='lat' dir='ltr'>seruate</span> <span class='ocrx_word' id='word_1_359' title='bbox 2910 2533 2974 2573; x_wconf 91' lang='lat' dir='ltr'>es</span> <span class='ocrx_word' id='word_1_360' title='bbox 3003 2526 3059 2574; x_wconf 90' lang='lat' dir='ltr'>te</span> <span class='ocrx_word' id='word_1_361' title='bbox 3088 2516 3278 2592; x_wconf 87' lang='lat' dir='ltr'>ipsum</span> <span class='ocrx_word' id='word_1_362' title='bbox 3309 2529 3367 2578; x_wconf 94' lang='lat' dir='ltr'>et</span> <span class='ocrx_word' id='word_1_363' title='bbox 3394 2537 3518 2578; x_wconf 92' lang='lat' dir='ltr'>non</span> 
     </span>
     <span class='ocr_line' id='line_1_24' title="bbox 605 2603 3532 2698; baseline 0.001 -29"><span class='ocrx_word' id='word_1_364' title='bbox 605 2610 838 2687; x_wconf 90' lang='lat' dir='ltr'>spondit</span> <span class='ocrx_word' id='word_1_365' title='bbox 868 2610 945 2667; x_wconf 91' lang='lat' dir='ltr'>illi</span> <span class='ocrx_word' id='word_1_366' title='bbox 968 2608 1055 2666; x_wconf 79' lang='lat' dir='ltr'>ihs</span> <span class='ocrx_word' id='word_1_367' title='bbox 1351 2615 1574 2680; x_wconf 86' lang='lat' dir='ltr'>patrem</span> <span class='ocrx_word' id='word_1_368' title='bbox 1604 2616 1660 2665; x_wconf 90' lang='lat' dir='ltr'>et</span> <span class='ocrx_word' id='word_1_369' title='bbox 1678 2606 1803 2665; x_wconf 89' lang='lat' dir='ltr'>suffi</span> <span class='ocrx_word' id='word_1_370' title='bbox 2125 2603 2280 2664; x_wconf 75' lang='lat' dir='ltr'>*¹⁸Et</span> <span class='ocrx_word' id='word_1_371' title='bbox 2297 2623 2409 2682; x_wconf 88' lang='lat' dir='ltr'>ego</span> <span class='ocrx_word' id='word_1_372' title='bbox 2433 2609 2658 2684; x_wconf 86' lang='lat' dir='ltr'>rogabo</span> <span class='ocrx_word' id='word_1_373' title='bbox 2681 2612 2842 2684; x_wconf 65' lang='lat' dir='ltr'>patre</span> <span class='ocrx_word' id='word_1_374' title='bbox 2909 2606 3044 2669; x_wconf 89' lang='lat' dir='ltr'>huic</span> <span class='ocrx_word' id='word_1_375' title='bbox 3073 2611 3296 2670; x_wconf 89' lang='lat' dir='ltr'>mundo</span> <span class='ocrx_word' id='word_1_376' title='bbox 3320 2643 3334 2657; x_wconf 93' lang='lat'><strong>·</strong></span> <span class='ocrx_word' id='word_1_377' title='bbox 3377 2609 3420 2644; x_wconf 77' lang='lat'>²³</span> <span class='ocrx_word' id='word_1_378' title='bbox 3439 2631 3532 2698; x_wconf 85' lang='lat' dir='ltr'>res</span> 
     </span>
     <span class='ocr_line' id='line_1_25' title="bbox 604 2699 3491 2778; baseline 0 -14"><span class='ocrx_word' id='word_1_379' title='bbox 604 2706 858 2764; x_wconf 89' lang='lat' dir='ltr'>animam</span> <span class='ocrx_word' id='word_1_380' title='bbox 885 2713 1044 2762; x_wconf 86' lang='lat' dir='ltr'>tuam</span> <span class='ocrx_word' id='word_1_381' title='bbox 1073 2720 1180 2778; x_wconf 90' lang='lat' dir='ltr'>pro</span> <span class='ocrx_word' id='word_1_382' title='bbox 1352 2699 1430 2757; x_wconf 88' lang='lat' dir='ltr'>cit</span> <span class='ocrx_word' id='word_1_383' title='bbox 1459 2700 1631 2758; x_wconf 89' lang='lat' dir='ltr'>nobis</span> <span class='ocrx_word' id='word_1_384' title='bbox 1655 2732 1668 2746; x_wconf 93' lang='lat'><strong>·</strong></span> <span class='ocrx_word' id='word_1_385' title='bbox 1729 2702 1750 2733; x_wconf 81' lang='lat'><strong>⁹</strong></span> <span class='ocrx_word' id='word_1_386' title='bbox 1768 2700 1925 2761; x_wconf 90' lang='lat' dir='ltr'>Dicit</span> <span class='ocrx_word' id='word_1_387' title='bbox 1953 2700 1992 2759; x_wconf 92' lang='lat' dir='ltr'>il</span> <span class='ocrx_word' id='word_1_388' title='bbox 2125 2699 2392 2759; x_wconf 82' lang='lat' dir='ltr'>¹&#39;‘meum·</span> <span class='ocrx_word' id='word_1_389' title='bbox 2474 2713 2531 2760; x_wconf 88' lang='lat' dir='ltr'>et</span> <span class='ocrx_word' id='word_1_390' title='bbox 2559 2701 2735 2760; x_wconf 89' lang='lat' dir='ltr'>alium</span> <span class='ocrx_word' id='word_1_391' title='bbox 2909 2703 3114 2778; x_wconf 90' lang='lat' dir='ltr'>pondit</span> <span class='ocrx_word' id='word_1_392' title='bbox 3143 2703 3232 2763; x_wconf 83' lang='lat' dir='ltr'>ihs</span> <span class='ocrx_word' id='word_1_393' title='bbox 3259 2715 3315 2764; x_wconf 90' lang='lat' dir='ltr'>et</span> <span class='ocrx_word' id='word_1_394' title='bbox 3345 2707 3491 2765; x_wconf 82' lang='lat' dir='ltr'>dixit</span> 
     </span>
     <span class='ocr_line' id='line_1_26' title="bbox 604 2792 3515 2878; baseline 0.006 -36"><span class='ocrx_word' id='word_1_395' title='bbox 604 2817 697 2858; x_wconf 75' lang='lat' dir='ltr'>me</span> <span class='ocrx_word' id='word_1_396' title='bbox 722 2799 897 2876; x_wconf 74' lang='lat' dir='ltr'>ponis</span> <span class='ocrx_word' id='word_1_397' title='bbox 918 2828 932 2843; x_wconf 92' lang='lat'><strong>.</strong></span> <span class='ocrx_word' id='word_1_398' title='bbox 997 2798 1191 2856; x_wconf 93' lang='lat' dir='ltr'>Amen</span> <span class='ocrx_word' id='word_1_399' title='bbox 1351 2792 1389 2849; x_wconf 92' lang='lat' dir='ltr'>li</span> <span class='ocrx_word' id='word_1_400' title='bbox 1418 2792 1507 2853; x_wconf 86' lang='lat' dir='ltr'>ihs</span> <span class='ocrx_word' id='word_1_401' title='bbox 1527 2825 1541 2840; x_wconf 91' lang='lat'><strong>·</strong></span> <span class='ocrx_word' id='word_1_402' title='bbox 1602 2804 1764 2854; x_wconf 90' lang='lat' dir='ltr'>tanto</span> <span class='ocrx_word' id='word_1_403' title='bbox 1791 2805 1991 2873; x_wconf 89' lang='lat' dir='ltr'>tempo</span> <span class='ocrx_word' id='word_1_404' title='bbox 2153 2794 2509 2854; x_wconf 83' lang='lat' dir='ltr'>aduocatum</span> <span class='ocrx_word' id='word_1_405' title='bbox 2537 2795 2695 2855; x_wconf 91' lang='lat' dir='ltr'>dabit</span> <span class='ocrx_word' id='word_1_406' title='bbox 2908 2796 2985 2854; x_wconf 90' lang='lat' dir='ltr'>illi</span> <span class='ocrx_word' id='word_1_407' title='bbox 3011 2827 3025 2842; x_wconf 92' lang='lat'><strong>·</strong></span> <span class='ocrx_word' id='word_1_408' title='bbox 3092 2797 3141 2855; x_wconf 90' lang='lat' dir='ltr'>si</span> <span class='ocrx_word' id='word_1_409' title='bbox 3169 2799 3298 2875; x_wconf 90' lang='lat' dir='ltr'>quis</span> <span class='ocrx_word' id='word_1_410' title='bbox 3328 2800 3515 2878; x_wconf 89' lang='lat' dir='ltr'>diligit</span> 
     </span>
     <span class='ocr_line' id='line_1_27' title="bbox 604 2888 3505 2966; baseline 0.001 -15"><span class='ocrx_word' id='word_1_411' title='bbox 604 2911 773 2953; x_wconf 89' lang='lat' dir='ltr'>amen</span> <span class='ocrx_word' id='word_1_412' title='bbox 795 2893 929 2952; x_wconf 92' lang='lat' dir='ltr'>dico</span> <span class='ocrx_word' id='word_1_413' title='bbox 951 2892 1054 2950; x_wconf 92' lang='lat' dir='ltr'>tibi</span> <span class='ocrx_word' id='word_1_414' title='bbox 1352 2905 1413 2945; x_wconf 91' lang='lat' dir='ltr'>re</span> <span class='ocrx_word' id='word_1_415' title='bbox 1440 2888 1746 2948; x_wconf 90' lang='lat' dir='ltr'>uobiscum</span> <span class='ocrx_word' id='word_1_416' title='bbox 1777 2907 1906 2947; x_wconf 91' lang='lat' dir='ltr'>sum</span> <span class='ocrx_word' id='word_1_417' title='bbox 2153 2889 2325 2948; x_wconf 91' lang='lat' dir='ltr'>uobis</span> <span class='ocrx_word' id='word_1_418' title='bbox 2356 2890 2457 2966; x_wconf 92' lang='lat' dir='ltr'>qui</span> <span class='ocrx_word' id='word_1_419' title='bbox 2486 2892 2657 2951; x_wconf 91' lang='lat' dir='ltr'>uobis</span> <span class='ocrx_word' id='word_1_420' title='bbox 2910 2908 3006 2949; x_wconf 91' lang='lat' dir='ltr'>me</span> <span class='ocrx_word' id='word_1_421' title='bbox 3034 2894 3277 2952; x_wconf 91' lang='lat' dir='ltr'>uerbum</span> <span class='ocrx_word' id='word_1_422' title='bbox 3307 2913 3505 2954; x_wconf 90' lang='lat' dir='ltr'>meum</span> 
     </span>
     <span class='ocr_line' id='line_1_28' title="bbox 604 2983 3545 3067; baseline 0.001 -21"><span class='ocrx_word' id='word_1_423' title='bbox 604 3006 723 3047; x_wconf 94' lang='lat' dir='ltr'>non</span> <span class='ocrx_word' id='word_1_424' title='bbox 750 2987 1006 3048; x_wconf 87' lang='lat' dir='ltr'>cantabit</span> <span class='ocrx_word' id='word_1_425' title='bbox 1033 2985 1217 3063; x_wconf 86' lang='lat' dir='ltr'>gallus</span> <span class='ocrx_word' id='word_1_426' title='bbox 1351 2990 1408 3040; x_wconf 89' lang='lat' dir='ltr'>et</span> <span class='ocrx_word' id='word_1_427' title='bbox 1441 3000 1563 3041; x_wconf 92' lang='lat' dir='ltr'>non</span> <span class='ocrx_word' id='word_1_428' title='bbox 1592 2983 1776 3043; x_wconf 85' lang='lat' dir='ltr'>nostis</span> <span class='ocrx_word' id='word_1_429' title='bbox 1805 3002 1899 3042; x_wconf 91' lang='lat' dir='ltr'>me</span> <span class='ocrx_word' id='word_1_430' title='bbox 2155 3001 2292 3042; x_wconf 91' lang='lat' dir='ltr'>cum</span> <span class='ocrx_word' id='word_1_431' title='bbox 2321 2985 2395 3042; x_wconf 91' lang='lat' dir='ltr'>sit</span> <span class='ocrx_word' id='word_1_432' title='bbox 2423 2985 2482 3042; x_wconf 92' lang='lat' dir='ltr'>in</span> <span class='ocrx_word' id='word_1_433' title='bbox 2510 2991 2748 3045; x_wconf 68' lang='lat' dir='ltr'>aeterni]</span> <span class='ocrx_word' id='word_1_434' title='bbox 2910 2987 3228 3045; x_wconf 88' lang='lat' dir='ltr'>custodiet·</span> <span class='ocrx_word' id='word_1_435' title='bbox 3297 3000 3353 3048; x_wconf 90' lang='lat' dir='ltr'>et</span> <span class='ocrx_word' id='word_1_436' title='bbox 3382 3001 3545 3067; x_wconf 90' lang='lat' dir='ltr'>pater</span> 
     </span>
     <span class='ocr_line' id='line_1_29' title="bbox 605 3075 3450 3160; baseline 0.002 -21"><span class='ocrx_word' id='word_1_437' title='bbox 605 3093 916 3160; x_wconf 89' lang='lat' dir='ltr'>antequam</span> <span class='ocrx_word' id='word_1_438' title='bbox 939 3090 1023 3141; x_wconf 92' lang='lat' dir='ltr'>ter</span> <span class='ocrx_word' id='word_1_439' title='bbox 1051 3099 1146 3139; x_wconf 86' lang='lat' dir='ltr'>me</span> <span class='ocrx_word' id='word_1_440' title='bbox 1321 3075 1545 3152; x_wconf 67' lang='lat' dir='ltr'>„filippe</span> <span class='ocrx_word' id='word_1_441' title='bbox 1566 3108 1580 3122; x_wconf 92' lang='lat'><strong>·</strong></span> <span class='ocrx_word' id='word_1_442' title='bbox 1640 3078 1742 3153; x_wconf 91' lang='lat' dir='ltr'>qui</span> <span class='ocrx_word' id='word_1_443' title='bbox 1763 3095 1859 3136; x_wconf 91' lang='lat' dir='ltr'>me</span> <span class='ocrx_word' id='word_1_444' title='bbox 2157 3078 2197 3110; x_wconf 81' lang='lat'>¹⁷</span> <span class='ocrx_word' id='word_1_445' title='bbox 2218 3083 2351 3154; x_wconf 73' lang='lat' dir='ltr'>spm</span> <span class='ocrx_word' id='word_1_446' title='bbox 2380 3080 2637 3139; x_wconf 90' lang='lat' dir='ltr'>ueritatis</span> <span class='ocrx_word' id='word_1_447' title='bbox 2910 3098 3078 3141; x_wconf 88' lang='lat' dir='ltr'>meus</span> <span class='ocrx_word' id='word_1_448' title='bbox 3101 3081 3285 3159; x_wconf 87' lang='lat' dir='ltr'>diligit</span> <span class='ocrx_word' id='word_1_449' title='bbox 3315 3103 3450 3143; x_wconf 91' lang='lat' dir='ltr'>eum</span> 
     </span>
     <span class='ocr_line' id='line_1_30' title="bbox 601 3170 3515 3254; baseline 0.006 -33"><span class='ocrx_word' id='word_1_450' title='bbox 601 3194 776 3254; x_wconf 73' lang='lat' dir='ltr'>neges</span> <span class='ocrx_word' id='word_1_451' title='bbox 797 3207 811 3222; x_wconf 89' lang='lat'><strong>.</strong></span> <span class='ocrx_word' id='word_1_452' title='bbox 872 3183 969 3236; x_wconf 83' lang='lat'>14.</span> <span class='ocrx_word' id='word_1_453' title='bbox 986 3174 1006 3206; x_wconf 96' lang='lat'>¹</span> <span class='ocrx_word' id='word_1_454' title='bbox 1030 3192 1153 3234; x_wconf 92' lang='lat' dir='ltr'>non</span> <span class='ocrx_word' id='word_1_455' title='bbox 1182 3192 1297 3234; x_wconf 90' lang='lat' dir='ltr'>con</span> <span class='ocrx_word' id='word_1_456' title='bbox 1347 3170 1490 3229; x_wconf 91' lang='lat' dir='ltr'>uidit</span> <span class='ocrx_word' id='word_1_457' title='bbox 1517 3171 1661 3230; x_wconf 90' lang='lat' dir='ltr'>uidit</span> <span class='ocrx_word' id='word_1_458' title='bbox 1681 3182 1737 3231; x_wconf 92' lang='lat' dir='ltr'>et</span> <span class='ocrx_word' id='word_1_459' title='bbox 1767 3177 1927 3249; x_wconf 66' lang='lat' dir='ltr'>patre</span> <span class='ocrx_word' id='word_1_460' title='bbox 2154 3189 2332 3247; x_wconf 89' lang='lat' dir='ltr'>quem</span> <span class='ocrx_word' id='word_1_461' title='bbox 2360 3171 2454 3232; x_wconf 89' lang='lat' dir='ltr'>hic</span> <span class='ocrx_word' id='word_1_462' title='bbox 2482 3175 2736 3234; x_wconf 88' lang='lat' dir='ltr'>mundus</span> <span class='ocrx_word' id='word_1_463' title='bbox 2909 3184 2968 3232; x_wconf 92' lang='lat' dir='ltr'>et</span> <span class='ocrx_word' id='word_1_464' title='bbox 2996 3176 3153 3251; x_wconf 89' lang='lat' dir='ltr'>apud</span> <span class='ocrx_word' id='word_1_465' title='bbox 3182 3195 3316 3235; x_wconf 90' lang='lat' dir='ltr'>eum</span> <span class='ocrx_word' id='word_1_466' title='bbox 3345 3181 3515 3240; x_wconf 90' lang='lat' dir='ltr'>uenie</span> 
     </span>
     <span class='ocr_line' id='line_1_31' title="bbox 600 3267 3462 3345; baseline 0.002 -17"><span class='ocrx_word' id='word_1_467' title='bbox 600 3273 850 3330; x_wconf 89' lang='lat' dir='ltr'>turbetur</span> <span class='ocrx_word' id='word_1_468' title='bbox 877 3289 981 3329; x_wconf 94' lang='lat' dir='ltr'>cor</span> <span class='ocrx_word' id='word_1_469' title='bbox 1009 3287 1114 3328; x_wconf 88' lang='lat' dir='ltr'>ues</span> <span class='ocrx_word' id='word_1_470' title='bbox 1347 3283 1546 3324; x_wconf 90' lang='lat' dir='ltr'>meum</span> <span class='ocrx_word' id='word_1_471' title='bbox 1570 3296 1584 3310; x_wconf 93' lang='lat'><strong>·</strong></span> <span class='ocrx_word' id='word_1_472' title='bbox 1648 3276 1704 3325; x_wconf 90' lang='lat' dir='ltr'>et</span> <span class='ocrx_word' id='word_1_473' title='bbox 1731 3283 1952 3343; x_wconf 91' lang='lat' dir='ltr'>quomo</span> <span class='ocrx_word' id='word_1_474' title='bbox 2154 3267 2421 3342; x_wconf 89' lang='lat' dir='ltr'>accipere</span> <span class='ocrx_word' id='word_1_475' title='bbox 2443 3285 2565 3328; x_wconf 91' lang='lat' dir='ltr'>non</span> <span class='ocrx_word' id='word_1_476' title='bbox 2593 3286 2675 3345; x_wconf 93' lang='lat' dir='ltr'>po</span> <span class='ocrx_word' id='word_1_477' title='bbox 2909 3285 3042 3327; x_wconf 91' lang='lat' dir='ltr'>mus</span> <span class='ocrx_word' id='word_1_478' title='bbox 3070 3279 3128 3329; x_wconf 93' lang='lat' dir='ltr'>et</span> <span class='ocrx_word' id='word_1_479' title='bbox 3155 3275 3462 3333; x_wconf 66' lang='lat' dir='ltr'>mansione</span> 
     </span>
     <span class='ocr_line' id='line_1_32' title="bbox 605 3359 3425 3439; baseline 0.001 -18"><span class='ocrx_word' id='word_1_480' title='bbox 605 3376 749 3422; x_wconf 88' lang='lat' dir='ltr'>trum</span> <span class='ocrx_word' id='word_1_481' title='bbox 775 3396 788 3410; x_wconf 91' lang='lat'><strong>·</strong></span> <span class='ocrx_word' id='word_1_482' title='bbox 855 3363 1069 3423; x_wconf 88' lang='lat' dir='ltr'>credite</span> <span class='ocrx_word' id='word_1_483' title='bbox 1097 3363 1158 3421; x_wconf 91' lang='lat' dir='ltr'>in</span> <span class='ocrx_word' id='word_1_484' title='bbox 1349 3359 1428 3418; x_wconf 94' lang='lat' dir='ltr'>do</span> <span class='ocrx_word' id='word_1_485' title='bbox 1457 3371 1518 3418; x_wconf 89' lang='lat' dir='ltr'>tu</span> <span class='ocrx_word' id='word_1_486' title='bbox 1546 3360 1690 3419; x_wconf 89' lang='lat' dir='ltr'>dicis</span> <span class='ocrx_word' id='word_1_487' title='bbox 1723 3360 1967 3421; x_wconf 88' lang='lat' dir='ltr'>ostende</span> <span class='ocrx_word' id='word_1_488' title='bbox 2153 3370 2300 3420; x_wconf 88' lang='lat' dir='ltr'>test·</span> <span class='ocrx_word' id='word_1_489' title='bbox 2364 3368 2507 3438; x_wconf 70' lang='lat' dir='ltr'>qum</span> <span class='ocrx_word' id='word_1_490' title='bbox 2537 3381 2657 3422; x_wconf 91' lang='lat' dir='ltr'>non</span> <span class='ocrx_word' id='word_1_491' title='bbox 2684 3365 2744 3422; x_wconf 92' lang='lat' dir='ltr'>ui</span> <span class='ocrx_word' id='word_1_492' title='bbox 2909 3362 3064 3439; x_wconf 90' lang='lat' dir='ltr'>apud</span> <span class='ocrx_word' id='word_1_493' title='bbox 3091 3364 3251 3422; x_wconf 85' lang='lat' dir='ltr'>illum</span> <span class='ocrx_word' id='word_1_494' title='bbox 3279 3364 3425 3426; x_wconf 88' lang='lat' dir='ltr'>facie</span> 
     </span>
     <span class='ocr_line' id='line_1_33' title="bbox 606 3454 3540 3535; baseline 0.001 -19"><span class='ocrx_word' id='word_1_495' title='bbox 606 3458 700 3516; x_wconf 74' lang='grc' dir='ltr'>(ἰῶ</span> <span class='ocrx_word' id='word_1_496' title='bbox 729 3471 787 3518; x_wconf 92' lang='lat' dir='ltr'>et</span> <span class='ocrx_word' id='word_1_497' title='bbox 817 3459 875 3516; x_wconf 93' lang='lat' dir='ltr'>in</span> <span class='ocrx_word' id='word_1_498' title='bbox 905 3476 999 3517; x_wconf 88' lang='lat' dir='ltr'>me</span> <span class='ocrx_word' id='word_1_499' title='bbox 1028 3457 1241 3516; x_wconf 88' lang='lat' dir='ltr'>credite</span> <span class='ocrx_word' id='word_1_500' title='bbox 1350 3454 1520 3513; x_wconf 91' lang='lat' dir='ltr'>nobis</span> <span class='ocrx_word' id='word_1_501' title='bbox 1541 3465 1765 3530; x_wconf 90' lang='lat' dir='ltr'>patrem</span> <span class='ocrx_word' id='word_1_502' title='bbox 1789 3486 1802 3500; x_wconf 91' lang='lat'><strong>·</strong></span> <span class='ocrx_word' id='word_1_503' title='bbox 1825 3488 1908 3498; x_wconf 92' lang='lat'>—</span> <span class='ocrx_word' id='word_1_504' title='bbox 2155 3454 2240 3513; x_wconf 93' lang='lat' dir='ltr'>dit</span> <span class='ocrx_word' id='word_1_505' title='bbox 2267 3473 2403 3514; x_wconf 91' lang='lat' dir='ltr'>eum</span> <span class='ocrx_word' id='word_1_506' title='bbox 2433 3475 2541 3516; x_wconf 92' lang='lat' dir='ltr'>nec</span> <span class='ocrx_word' id='word_1_507' title='bbox 2572 3458 2734 3517; x_wconf 90' lang='lat' dir='ltr'>nouit</span> <span class='ocrx_word' id='word_1_508' title='bbox 2909 3473 3040 3516; x_wconf 88' lang='lat' dir='ltr'>mus</span> <span class='ocrx_word' id='word_1_509' title='bbox 3101 3455 3260 3535; x_wconf 83' lang='lat' dir='ltr'>²⁴qui</span> <span class='ocrx_word' id='word_1_510' title='bbox 3290 3478 3387 3520; x_wconf 89' lang='lat' dir='ltr'>me</span> <span class='ocrx_word' id='word_1_511' title='bbox 3417 3480 3540 3522; x_wconf 91' lang='lat' dir='ltr'>non</span> 
     </span>
     <span class='ocr_line' id='line_1_34' title="bbox 603 3546 3459 3628; baseline 0.001 -17"><span class='ocrx_word' id='word_1_512' title='bbox 603 3550 709 3612; x_wconf 79' lang='lat' dir='ltr'>&#39;In</span> <span class='ocrx_word' id='word_1_513' title='bbox 736 3553 916 3614; x_wconf 89' lang='lat' dir='ltr'>domo</span> <span class='ocrx_word' id='word_1_514' title='bbox 944 3553 1122 3628; x_wconf 90' lang='lat' dir='ltr'>patris</span> <span class='ocrx_word' id='word_1_515' title='bbox 1143 3552 1260 3610; x_wconf 90' lang='lat' dir='ltr'>mei</span> <span class='ocrx_word' id='word_1_516' title='bbox 1349 3546 1393 3578; x_wconf 86' lang='lat'>¹⁰</span> <span class='ocrx_word' id='word_1_517' title='bbox 1410 3565 1532 3607; x_wconf 91' lang='lat' dir='ltr'>non</span> <span class='ocrx_word' id='word_1_518' title='bbox 1561 3548 1748 3607; x_wconf 88' lang='lat' dir='ltr'>credis</span> <span class='ocrx_word' id='word_1_519' title='bbox 1774 3550 1910 3626; x_wconf 88' lang='lat' dir='ltr'>quia</span> <span class='ocrx_word' id='word_1_520' title='bbox 2155 3549 2318 3607; x_wconf 92' lang='lat' dir='ltr'>illum</span> <span class='ocrx_word' id='word_1_521' title='bbox 2388 3567 2496 3609; x_wconf 91' lang='lat' dir='ltr'>uos</span> <span class='ocrx_word' id='word_1_522' title='bbox 2526 3562 2720 3610; x_wconf 87' lang='lat' dir='ltr'>autem</span> <span class='ocrx_word' id='word_1_523' title='bbox 2909 3549 3091 3627; x_wconf 91' lang='lat' dir='ltr'>diligit</span> <span class='ocrx_word' id='word_1_524' title='bbox 3119 3553 3297 3611; x_wconf 89' lang='lat' dir='ltr'>uerba</span> <span class='ocrx_word' id='word_1_525' title='bbox 3327 3573 3459 3614; x_wconf 92' lang='lat' dir='ltr'>mea</span> 
     </span>
     <span class='ocr_line' id='line_1_35' title="bbox 602 3643 3412 3720; baseline 0.001 -15"><span class='ocrx_word' id='word_1_526' title='bbox 602 3649 773 3707; x_wconf 89' lang='lat' dir='ltr'>multe</span> <span class='ocrx_word' id='word_1_527' title='bbox 802 3648 1137 3707; x_wconf 88' lang='lat' dir='ltr'>mansiones</span> <span class='ocrx_word' id='word_1_528' title='bbox 1352 3661 1467 3720; x_wconf 91' lang='lat' dir='ltr'>ego</span> <span class='ocrx_word' id='word_1_529' title='bbox 1497 3643 1558 3700; x_wconf 90' lang='lat' dir='ltr'>in</span> <span class='ocrx_word' id='word_1_530' title='bbox 1585 3654 1811 3719; x_wconf 91' lang='lat' dir='ltr'>patrem</span> <span class='ocrx_word' id='word_1_531' title='bbox 1868 3655 1926 3703; x_wconf 93' lang='lat' dir='ltr'>et</span> <span class='ocrx_word' id='word_1_532' title='bbox 2156 3645 2513 3720; x_wconf 89' lang='lat' dir='ltr'>cognoscitis</span> <span class='ocrx_word' id='word_1_533' title='bbox 2540 3663 2676 3703; x_wconf 88' lang='lat' dir='ltr'>eum</span> <span class='ocrx_word' id='word_1_534' title='bbox 2906 3662 3028 3703; x_wconf 94' lang='lat' dir='ltr'>non</span> <span class='ocrx_word' id='word_1_535' title='bbox 3055 3648 3326 3706; x_wconf 87' lang='lat' dir='ltr'>obseruat</span> <span class='ocrx_word' id='word_1_536' title='bbox 3354 3660 3412 3708; x_wconf 93' lang='lat' dir='ltr'>et</span> 
     </span>
     <span class='ocr_line' id='line_1_36' title="bbox 606 3737 3441 3818; baseline 0 -18"><span class='ocrx_word' id='word_1_537' title='bbox 606 3753 734 3801; x_wconf 90' lang='lat' dir='ltr'>sunt</span> <span class='ocrx_word' id='word_1_538' title='bbox 756 3774 770 3788; x_wconf 92' lang='lat'><strong>·</strong></span> <span class='ocrx_word' id='word_1_539' title='bbox 832 3742 1109 3818; x_wconf 87' lang='lat' dir='ltr'>Alioquin</span> <span class='ocrx_word' id='word_1_540' title='bbox 1130 3740 1281 3800; x_wconf 82' lang='lat' dir='ltr'>dixis</span> <span class='ocrx_word' id='word_1_541' title='bbox 1353 3747 1516 3814; x_wconf 89' lang='lat' dir='ltr'>pater</span> <span class='ocrx_word' id='word_1_542' title='bbox 1543 3739 1603 3796; x_wconf 91' lang='lat' dir='ltr'>in</span> <span class='ocrx_word' id='word_1_543' title='bbox 1631 3756 1726 3797; x_wconf 88' lang='lat' dir='ltr'>me</span> <span class='ocrx_word' id='word_1_544' title='bbox 1757 3749 1844 3797; x_wconf 89' lang='lat' dir='ltr'>est</span> <span class='ocrx_word' id='word_1_545' title='bbox 1864 3770 1877 3784; x_wconf 94' lang='lat'><strong>·</strong></span> <span class='ocrx_word' id='word_1_546' title='bbox 2156 3738 2294 3814; x_wconf 91' lang='lat' dir='ltr'>quia</span> <span class='ocrx_word' id='word_1_547' title='bbox 2322 3737 2478 3814; x_wconf 89' lang='lat' dir='ltr'>apud</span> <span class='ocrx_word' id='word_1_548' title='bbox 2506 3756 2617 3797; x_wconf 91' lang='lat' dir='ltr'>uos</span> <span class='ocrx_word' id='word_1_549' title='bbox 2646 3757 2745 3797; x_wconf 89' lang='lat' dir='ltr'>ma</span> <span class='ocrx_word' id='word_1_550' title='bbox 2906 3740 3152 3797; x_wconf 90' lang='lat' dir='ltr'>uerbum</span> <span class='ocrx_word' id='word_1_551' title='bbox 3179 3742 3339 3817; x_wconf 93' lang='lat' dir='ltr'>quod</span> <span class='ocrx_word' id='word_1_552' title='bbox 3366 3760 3441 3801; x_wconf 92' lang='lat' dir='ltr'>au</span> 
     </span>
     <span class='ocr_line' id='line_1_37' title="bbox 606 3831 3498 3910; baseline 0 -14"><span class='ocrx_word' id='word_1_553' title='bbox 606 3853 725 3896; x_wconf 87' lang='lat' dir='ltr'>sem</span> <span class='ocrx_word' id='word_1_554' title='bbox 751 3837 923 3896; x_wconf 90' lang='lat' dir='ltr'>uobis</span> <span class='ocrx_word' id='word_1_555' title='bbox 950 3834 1105 3895; x_wconf 89' lang='lat' dir='ltr'>uado</span> <span class='ocrx_word' id='word_1_556' title='bbox 1352 3831 1548 3891; x_wconf 89' lang='lat' dir='ltr'>Uerba</span> <span class='ocrx_word' id='word_1_557' title='bbox 1575 3849 1689 3909; x_wconf 90' lang='lat' dir='ltr'>que</span> <span class='ocrx_word' id='word_1_558' title='bbox 1717 3851 1831 3910; x_wconf 90' lang='lat' dir='ltr'>ego</span> <span class='ocrx_word' id='word_1_559' title='bbox 1860 3833 1994 3893; x_wconf 92' lang='lat' dir='ltr'>dico</span> <span class='ocrx_word' id='word_1_560' title='bbox 2156 3842 2256 3891; x_wconf 91' lang='lat' dir='ltr'>net</span> <span class='ocrx_word' id='word_1_561' title='bbox 2284 3842 2342 3890; x_wconf 91' lang='lat' dir='ltr'>et</span> <span class='ocrx_word' id='word_1_562' title='bbox 2370 3833 2430 3889; x_wconf 91' lang='lat' dir='ltr'>in</span> <span class='ocrx_word' id='word_1_563' title='bbox 2457 3833 2630 3890; x_wconf 88' lang='lat' dir='ltr'>uobis</span> <span class='ocrx_word' id='word_1_564' title='bbox 2657 3844 2746 3892; x_wconf 90' lang='lat' dir='ltr'>est</span> <span class='ocrx_word' id='word_1_565' title='bbox 2769 3864 2783 3880; x_wconf 87' lang='lat'><strong>·</strong></span> <span class='ocrx_word' id='word_1_566' title='bbox 2907 3831 3069 3891; x_wconf 91' lang='lat' dir='ltr'>distis</span> <span class='ocrx_word' id='word_1_567' title='bbox 3097 3852 3218 3893; x_wconf 92' lang='lat' dir='ltr'>non</span> <span class='ocrx_word' id='word_1_568' title='bbox 3247 3845 3335 3894; x_wconf 90' lang='lat' dir='ltr'>est</span> <span class='ocrx_word' id='word_1_569' title='bbox 3363 3844 3498 3896; x_wconf 69' lang='lat' dir='ltr'>meu</span> 
     </span>
     <span class='ocr_line' id='line_1_38' title="bbox 607 3925 3561 4017; baseline 0 -28"><span class='ocrx_word' id='word_1_570' title='bbox 607 3949 843 4008; x_wconf 85' lang='lat' dir='ltr'>prepare</span> <span class='ocrx_word' id='word_1_571' title='bbox 869 3929 1173 4017; x_wconf 47' lang='lat' dir='ltr'>locum‘uo</span> <span class='ocrx_word' id='word_1_572' title='bbox 1351 3928 1521 3986; x_wconf 92' lang='lat' dir='ltr'>uobis</span> <span class='ocrx_word' id='word_1_573' title='bbox 1593 3946 1629 3986; x_wconf 89' lang='lat' dir='ltr'>a</span> <span class='ocrx_word' id='word_1_574' title='bbox 1656 3945 1752 3986; x_wconf 90' lang='lat' dir='ltr'>me</span> <span class='ocrx_word' id='word_1_575' title='bbox 1780 3928 1912 4004; x_wconf 88' lang='lat' dir='ltr'>ipso</span> <span class='ocrx_word' id='word_1_576' title='bbox 2155 3925 2197 3958; x_wconf 84' lang='lat'>¹⁸</span> <span class='ocrx_word' id='word_1_577' title='bbox 2220 3925 2360 3986; x_wconf 92' lang='lat' dir='ltr'>Non</span> <span class='ocrx_word' id='word_1_578' title='bbox 2382 3926 2703 4002; x_wconf 91' lang='lat' dir='ltr'>relinquam</span> <span class='ocrx_word' id='word_1_579' title='bbox 2724 3945 2836 3987; x_wconf 91' lang='lat' dir='ltr'>uos</span> <span class='ocrx_word' id='word_1_580' title='bbox 2907 3926 3010 3985; x_wconf 92' lang='lat' dir='ltr'>sed</span> <span class='ocrx_word' id='word_1_581' title='bbox 3039 3928 3138 4002; x_wconf 77' lang='lat' dir='ltr'>qui</span> <span class='ocrx_word' id='word_1_582' title='bbox 3167 3946 3263 3986; x_wconf 90' lang='lat' dir='ltr'>me</span> <span class='ocrx_word' id='word_1_583' title='bbox 3298 3931 3454 3988; x_wconf 88' lang='lat' dir='ltr'>misit</span> <span class='ocrx_word' id='word_1_584' title='bbox 3481 3949 3561 4007; x_wconf 89' lang='lat' dir='ltr'>pa</span> 
     </span>
     <span class='ocr_line' id='line_1_39' title="bbox 607 4018 3582 4098; baseline 0 -16"><span class='ocrx_word' id='word_1_585' title='bbox 607 4026 692 4084; x_wconf 91' lang='lat' dir='ltr'>bis</span> <span class='ocrx_word' id='word_1_586' title='bbox 715 4057 728 4071; x_wconf 94' lang='lat'><strong>·</strong></span> <span class='ocrx_word' id='word_1_587' title='bbox 792 4026 812 4058; x_wconf 85' lang='lat'><strong>³</strong></span> <span class='ocrx_word' id='word_1_588' title='bbox 830 4025 907 4084; x_wconf 88' lang='lat' dir='ltr'>Et</span> <span class='ocrx_word' id='word_1_589' title='bbox 937 4026 985 4084; x_wconf 93' lang='lat' dir='ltr'>si</span> <span class='ocrx_word' id='word_1_590' title='bbox 1016 4024 1135 4084; x_wconf 91' lang='lat' dir='ltr'>iero</span> <span class='ocrx_word' id='word_1_591' title='bbox 1163 4034 1220 4083; x_wconf 91' lang='lat' dir='ltr'>et</span> <span class='ocrx_word' id='word_1_592' title='bbox 1352 4039 1475 4081; x_wconf 92' lang='lat' dir='ltr'>non</span> <span class='ocrx_word' id='word_1_593' title='bbox 1503 4021 1712 4098; x_wconf 89' lang='lat' dir='ltr'>loquor</span> <span class='ocrx_word' id='word_1_594' title='bbox 1783 4022 1887 4081; x_wconf 88' lang='lat' dir='ltr'>sed</span> <span class='ocrx_word' id='word_1_595' title='bbox 2154 4019 2391 4079; x_wconf 88' lang='lat' dir='ltr'>orfanos</span> <span class='ocrx_word' id='word_1_596' title='bbox 2419 4020 2651 4077; x_wconf 87' lang='lat' dir='ltr'>ueniam</span> <span class='ocrx_word' id='word_1_597' title='bbox 2906 4020 3005 4079; x_wconf 92' lang='lat' dir='ltr'>tris</span> <span class='ocrx_word' id='word_1_598' title='bbox 3036 4052 3050 4066; x_wconf 93' lang='lat'><strong>·</strong></span> <span class='ocrx_word' id='word_1_599' title='bbox 3094 4018 3138 4054; x_wconf 75' lang='lat'>²³</span> <span class='ocrx_word' id='word_1_600' title='bbox 3159 4020 3327 4081; x_wconf 87' lang='lat' dir='ltr'>Haec</span> <span class='ocrx_word' id='word_1_601' title='bbox 3356 4022 3582 4084; x_wconf 90' lang='lat' dir='ltr'>locutus</span> 
     </span>
     <span class='ocr_line' id='line_1_40' title="bbox 609 4113 3418 4198; baseline -0.002 -18"><span class='ocrx_word' id='word_1_602' title='bbox 609 4137 1025 4198; x_wconf 88' lang='lat' dir='ltr'>praeparauero</span> <span class='ocrx_word' id='word_1_603' title='bbox 1054 4138 1132 4178; x_wconf 91' lang='lat' dir='ltr'>uo</span> <span class='ocrx_word' id='word_1_604' title='bbox 1352 4126 1515 4193; x_wconf 90' lang='lat' dir='ltr'>pater</span> <span class='ocrx_word' id='word_1_605' title='bbox 1537 4117 1635 4193; x_wconf 92' lang='lat' dir='ltr'>qui</span> <span class='ocrx_word' id='word_1_606' title='bbox 1663 4116 1724 4174; x_wconf 93' lang='lat' dir='ltr'>in</span> <span class='ocrx_word' id='word_1_607' title='bbox 1753 4135 1846 4176; x_wconf 90' lang='lat' dir='ltr'>me</span> <span class='ocrx_word' id='word_1_608' title='bbox 1870 4135 1968 4176; x_wconf 90' lang='lat' dir='ltr'>ma</span> <span class='ocrx_word' id='word_1_609' title='bbox 2155 4114 2232 4173; x_wconf 89' lang='lat' dir='ltr'>ad</span> <span class='ocrx_word' id='word_1_610' title='bbox 2259 4133 2369 4173; x_wconf 91' lang='lat' dir='ltr'>uos</span> <span class='ocrx_word' id='word_1_611' title='bbox 2388 4140 2401 4154; x_wconf 93' lang='lat'><strong>·</strong></span> <span class='ocrx_word' id='word_1_612' title='bbox 2448 4113 2712 4173; x_wconf 74' lang='lat' dir='ltr'>¹⁹Adhuc</span> <span class='ocrx_word' id='word_1_613' title='bbox 2747 4133 2828 4192; x_wconf 93' lang='lat' dir='ltr'>pu</span> <span class='ocrx_word' id='word_1_614' title='bbox 2907 4131 3035 4172; x_wconf 90' lang='lat' dir='ltr'>sum</span> <span class='ocrx_word' id='word_1_615' title='bbox 3064 4115 3233 4173; x_wconf 91' lang='lat' dir='ltr'>uobis</span> <span class='ocrx_word' id='word_1_616' title='bbox 3263 4116 3418 4192; x_wconf 89' lang='lat' dir='ltr'>apud</span> 
     </span>
    </p>
   </div>
   <div class='ocr_carea' id='block_1_3' title="bbox 610 4207 3609 4289">
    <p class='ocr_par' dir='ltr' id='par_1_3' title="bbox 610 4207 3609 4289">
     <span class='ocr_line' id='line_1_41' title="bbox 610 4207 3609 4289; baseline 0 -18"><span class='ocrx_word' id='word_1_617' title='bbox 610 4214 695 4273; x_wconf 91' lang='lat' dir='ltr'>bis</span> <span class='ocrx_word' id='word_1_618' title='bbox 721 4215 915 4275; x_wconf 88' lang='lat' dir='ltr'>locum</span> <span class='ocrx_word' id='word_1_619' title='bbox 941 4242 953 4254; x_wconf 92' lang='lat'><strong>·</strong></span> <span class='ocrx_word' id='word_1_620' title='bbox 1020 4214 1238 4273; x_wconf 84' lang='lat' dir='ltr'>Iterum</span> <span class='ocrx_word' id='word_1_621' title='bbox 1352 4222 1451 4270; x_wconf 94' lang='lat' dir='ltr'>net</span> <span class='ocrx_word' id='word_1_622' title='bbox 1479 4212 1605 4289; x_wconf 88' lang='lat' dir='ltr'>ipse</span> <span class='ocrx_word' id='word_1_623' title='bbox 1629 4210 1760 4270; x_wconf 86' lang='lat' dir='ltr'>facit</span> <span class='ocrx_word' id='word_1_624' title='bbox 1788 4229 1968 4288; x_wconf 88' lang='lat' dir='ltr'>opera</span> <span class='ocrx_word' id='word_1_625' title='bbox 2154 4209 2344 4268; x_wconf 89' lang='lat' dir='ltr'>sillum</span> <span class='ocrx_word' id='word_1_626' title='bbox 2373 4218 2431 4268; x_wconf 88' lang='lat' dir='ltr'>et</span> <span class='ocrx_word' id='word_1_627' title='bbox 2457 4207 2549 4267; x_wconf 91' lang='lat' dir='ltr'>hic</span> <span class='ocrx_word' id='word_1_628' title='bbox 2573 4209 2826 4269; x_wconf 88' lang='lat' dir='ltr'>mundus</span> <span class='ocrx_word' id='word_1_629' title='bbox 2906 4227 3013 4269; x_wconf 90' lang='lat' dir='ltr'>uos</span> <span class='ocrx_word' id='word_1_630' title='bbox 3036 4227 3283 4268; x_wconf 87' lang='lat' dir='ltr'>manens</span> <span class='ocrx_word' id='word_1_631' title='bbox 3309 4241 3322 4256; x_wconf 92' lang='lat'>-</span> <span class='ocrx_word' id='word_1_632' title='bbox 3367 4208 3411 4244; x_wconf 78' lang='lat'>²⁶</span> <span class='ocrx_word' id='word_1_633' title='bbox 3434 4211 3609 4273; x_wconf 86' lang='lat' dir='ltr'>Aduo</span> 
     </span>
    </p>
   </div>
  </div>
 </body>
</html>
