4414 4917
754 278 877 375 461
2031 288 2504 363 SECUNDffi
3439 313 3552 378 [iv.
3583 331 3768 380 10-42.

788 422 939 472 lectio
956 422 1171 473 seconda
1193 422 1257 473 ad
1275 424 1463 473 Fontes

442 499 567 548 1²01.
590 499 706 547 211·
754 503 857 560 tibi
888 521 1100 579 aquam
1128 504 1323 562 uiuam
1345 535 1358 549 ·
1511 497 1625 558 hoc
1653 516 1791 558 uere
1819 498 2014 558 dixisti
2034 532 2047 546 ·
2310 497 2355 533 ’¹'
2372 499 2447 559 Et
2475 500 2754 560 continuo
2785 517 2957 578 super
3061 499 3222 560 Ecce
3251 500 3381 561 dico
3408 503 3581 562 uobis
3665 502 3721 564 le
3811 510 3935 559 ποι.
3958 511 4078 560 212.

755 594 967 655 ¹¹Dicit
989 598 1068 655 illi
1091 598 1295 657 mulier
1314 598 1456 657 dfie·
1512 592 1725 652 ”Dicit
1752 595 1805 652 ei
1836 595 2042 653 mulier
2071 594 2184 654 dne
2309 603 2593 653 uenerunt
2621 594 2848 670 discipu
3061 605 3194 653 uate
3223 595 3429 654 oculos
3458 606 3677 657 uestros

754 709 984 767 nequae
1012 691 1328 751 hauritorifi
1509 687 1683 746 uideo
1713 689 1848 764 quia
1882 688 2050 765 profe
2309 687 2347 746 li
2376 688 2500 746 eius
2521 718 2535 733 ·
2598 687 2675 746 Et
2704 689 2929 747 admira
3059 698 3117 746 et
3146 690 3412 767 inspicite
3440 692 3604 768 regio

754 783 938 844 habes
1008 796 1064 845 et
1098 795 1307 863 puteus
1511 791 1569 839 ta
1597 799 1661 839 es
1688 790 1752 839 tu
1812 779 1858 813 ²⁰
1875 791 2068 857 patres
2307 781 2516 839 bantur
2543 783 2681 859 quia
2707 799 2842 841 cum
3061 800 3166 841 nes
3194 784 3333 860 quia
3360 784 3524 844 albae
3554 797 3690 846 sunt

755 879 905 938 altus
934 889 1023 939 est
1092 880 1251 939 unde
1279 900 1342 941 er
1509 875 1694 933 nostri
1723 875 1782 932 in
1811 886 2014 935 monte
2305 875 2545 934 muliere
2629 876 2803 953 loque
3058 876 3134 935 ad
3163 895 3418 937 messem
3443 909 3457 925 ·
3517 880 3563 913 ³⁸
3574 898 3733 940 nunc

753 990 832 1048 go
863 972 1043 1033 habes
1071 993 1283 1051 aquam
1313 976 1372 1034 ui
1512 966 1629 1027 hoc
1658 968 2048 1028 adorauerunt
2306 969 2475 1027 batur
2497 1001 2511 1015 ·
2557 987 2734 1029 nemo
2766 981 2824 1028 ta
3057 971 3156 1046 qui
3183 979 3359 1029 metet
3386 989 3581 1032 merce

754 1084 892 1126 uam
912 1100 926 1114 .
993 1065 1039 1103 ¹²
1054 1070 1345 1144 numquid
1511 1060 1588 1121 Et
1615 1079 1725 1121 uos
1754 1062 1940 1121 dicitis
1969 1063 2107 1140 quia
2304 1080 2441 1120 men
2471 1063 2615 1121 dixit
2642 1063 2781 1140 quid
2810 1082 2924 1140 que
3058 1063 3195 1121 dem
3225 1066 3438 1142 accipit
3465 1076 3523 1125 et
3552 1067 3648 1127 col

750 1169 813 1218 tu
842 1163 1029 1220 maior
1058 1181 1120 1221 es
1149 1174 1312 1240 patre
1509 1155 1569 1212 in
1598 1154 1942 1215 hierusalem
1971 1167 2061 1216 est
2303 1156 2382 1215 ris
2449 1165 2547 1215 aut
2569 1158 2709 1234 quid
2735 1158 2867 1234 1qu
3057 1156 3179 1232 ligit
3207 1157 3455 1217 fructum
3485 1161 3542 1217 in
3563 1162 3620 1219 ui

753 1265 954 1315 nostro
985 1257 1156 1316 iacob
1185 1259 1283 1334 qui
1505 1248 1668 1308 locus
1695 1250 1797 1308 ubi
1823 1250 2006 1310 adora
2304 1251 2382 1308 ris
2418 1268 2557 1308 cum
2588 1251 2683 1309 illa
2700 1282 2714 1297 ·
2761 1256 2798 1314 †
2817 1249 2859 1284 ²⁸
2879 1252 2977 1310 reli
3056 1260 3176 1308 tam
3205 1262 3502 1311 aeternam
3528 1285 3542 1301 ·
3608 1266 3671 1313 ut

751 1352 925 1409 nobis
954 1350 1111 1409 dedit
1140 1357 1317 1428 putea
1506 1361 1565 1401 re
1594 1354 1824 1419 oportet
1845 1375 1859 1390 ·
2303 1344 2427 1419 quit
2455 1362 2596 1420 ergo
2624 1344 2826 1403 mulier
3057 1354 3115 1402 et
3143 1345 3242 1420 qui
3271 1348 3519 1405 seminat
3547 1350 3670 1425 pari

751 1441 909 1502 hunc
935 1475 949 1491 .
1010 1453 1070 1502 et
1097 1445 1220 1520 ipse
1250 1463 1323 1503 ex
1358 1462 1433 1504 eo
1504 1433 1720 1495 ²¹Dicit
1749 1438 1827 1495 illi
1858 1438 1947 1496 ihs
1976 1437 2148 1498 crede
2302 1437 2599 1495 uasculum
2630 1456 2797 1496 suum
2817 1470 2831 1484 ·
3057 1447 3143 1496 ter
3171 1439 3424 1514 gaudeat
3506 1453 3564 1500 et
3599 1444 3698 1519 qui

750 1537 897 1595 bibit
926 1548 983 1596 et
1011 1538 1109 1596 filii
1140 1538 1262 1596 eius
1344 1536 1351 1543 '
1506 1531 1652 1589 mihi
1682 1532 1886 1591 mulier
1915 1538 2058 1608 qfim
2301 1541 2358 1589 et
2389 1531 2528 1589 abiit
2558 1532 2618 1589 in
2648 1532 2945 1591 ciuitate-·
3057 1541 3265 1590 metet·
3332 1534 3378 1567 ⁸⁷
3397 1534 3469 1593 In
3500 1535 3616 1596 hoc
3644 1544 3743 1595 eni

468 1687 480 1700 ‚
575 1688 586 1700 ,
629 1687 640 1700 ‚
668 1686 698 1700 ..
752 1640 811 1689 et
831 1650 1047 1708 pecora
1069 1632 1195 1691 eius
1215 1645 1229 1660 ·
1255 1641 1270 1657 ·
1503 1626 1699 1685 ueniet
1727 1626 1871 1684 hora
1889 1658 1903 1672 ·
1969 1644 2125 1702 quan
2301 1635 2358 1683 et
2387 1625 2524 1683 dicit
2554 1625 2888 1684 hominibus
2912 1657 2926 1673 ·
3056 1636 3144 1683 est
3171 1628 3417 1685 uerbum
3446 1630 3567 1687 ueri

465 1686 728 1818 ἲαξέἕὼω
751 1724 1226 1802 1³Responditihs
1239 1735 1297 1784 et
1309 1726 1454 1785 dixit
1505 1720 1585 1779 do
1615 1738 1803 1796 neque
1834 1721 1893 1778 in
1922 1729 2122 1779 monte
2300 1715 2343 1750 ⁹⁹
2362 1718 2572 1778 Uenite
2601 1720 2795 1779 uidete
2824 1719 2988 1779 homi
3055 1719 3186 1776 tatis
3208 1750 3222 1765 ·
3288 1727 3432 1798 qt‘xm
3461 1722 3607 1781 alius

750 1819 831 1879 illi
852 1853 865 1867 ·
954 1820 1169 1881 Omnis
1198 1821 1296 1897 qui
1325 1821 1385 1878 bi
1503 1814 1615 1872 isto
1640 1839 1652 1854 ·
1727 1832 1916 1890 neque
1947 1815 2006 1871 in
2036 1813 2095 1871 hi
2301 1830 2437 1870 nem
2469 1813 2671 1870 omnia
2701 1831 2850 1889 quae
2881 1814 2933 1872 fe
3056 1821 3142 1871 est
3170 1813 3270 1889 qui
3297 1815 3545 1874 seminat
3570 1826 3629 1876 et

750 1915 851 1973 bet
879 1913 952 1973 de
982 1933 1137 1992 aqua
1163 1915 1272 1972 ista
1300 1914 1394 1974 siti
1501 1907 1841 1984 erosolymis
1869 1907 1986 1966 ado
2299 1907 2353 1965 ci
2382 1906 2526 1964 dixit
2558 1906 2698 1965 mihi
2779 1925 2920 1965 num
3053 1904 3196 1963 alius
3225 1908 3323 1983 qui
3352 1919 3564 1968 metet⁴

751 2019 809 2068 et
836 2008 1041 2066 iterum
1066 2040 1079 2054 .
1141 2026 1280 2066 nam
1502 2002 1699 2060 rabitis
1729 2012 1953 2079 patrem
1977 2033 1990 2048 ·
2299 1999 2437 2076 quid
2467 2001 2559 2059 ille
2590 2012 2678 2059 est
2707 2007 2818 2077 xps
2842 2033 2856 2047 ·
3054 1998 3232 2074 ³⁸Ego
3250 2001 3380 2059 misi
3392 2014 3728 2063 uosmetere

749 2102 852 2178 qui
879 2102 1086 2160 biberit
1115 2101 1188 2160 de
1217 2118 1371 2178 aqua
1500 2092 1544 2128 ²²
1562 2094 1690 2155 Uos
1718 2095 1971 2154 adoratis
2000 2095 2157 2173 quod
2304 2093 2627 2152 ³⁰Exierunt
2648 2095 2838 2171 itaque
2858 2094 2930 2154 de
2951 2096 3006 2154 ci
3056 2092 3217 2168 quod
3246 2112 3370 2153 non
3399 2113 3506 2155 uos
3535 2097 3671 2157 labo

747 2215 927 2273 quam
955 2213 1068 2273 ego
1099 2194 1317 2254 dedero
1347 2195 1424 2253 illi
1504 2189 1739 2248 nescitis
1758 2221 1772 2235 ·
1827 2189 1958 2248 Nos
1989 2190 2063 2248 ad
2303 2187 2477 2245 uitate
2508 2198 2563 2245 et
2591 2189 2902 2248 ueniebant
3056 2187 3223 2245 rastis
3248 2218 3261 2232 ·
3329 2189 3446 2247 Alii
3474 2190 3610 2250 labo

749 2309 872 2350 non
894 2291 1045 2349 sitiet
1067 2290 1127 2347 in
1145 2299 1450 2348 aeternu‘*·
1501 2301 1735 2342 oramus
1764 2283 1923 2360 quod
1954 2284 2036 2342 sci
2303 2282 2377 2340 ad
2397 2300 2533 2339 eum
2557 2314 2600 2327 ··
2626 2281 2668 2314 ⁸¹
2683 2283 2841 2340 Inter
2861 2282 3005 2343 haec
3055 2292 3327 2340 rauerunt
3398 2292 3456 2341 et
3484 2302 3593 2344 uos

750 2421 795 2456 ¹⁴
813 2421 930 2482 Sed
959 2440 1111 2499 aqua
1137 2439 1314 2499 quam
1344 2421 1418 2480 de
1501 2434 1632 2476 mus
1652 2447 1667 2464 ·
1727 2422 1871 2494 qum
1900 2415 2054 2475 salus
2082 2434 2155 2475 ex
2303 2421 2497 2470 autem
2526 2414 2815 2488 rogabant
3054 2415 3114 2474 in
3145 2415 3437 2477 laboribus
3465 2430 3658 2479 eoru-

752 2519 894 2578 dero
921 2517 998 2576 illi
1027 2518 1124 2576 fiet
1153 2518 1213 2575 in
1244 2533 1378 2575 eum
1502 2511 1721 2571 iudaeis
1748 2522 1835 2569 est
1856 2543 1869 2557 ·
1912 2508 1957 2543 ²⁸
1976 2511 2091 2570 Sed
2108 2529 2179 2569 ue
2303 2524 2438 2564 eum
2466 2506 2733 2582 discipuli
2761 2507 2848 2566 sui
3054 2510 3331 2572 introistis
3350 2544 3364 2558 .

748 2611 884 2671 fons
905 2629 1095 2688 aquae
1118 2610 1300 2669 salien
1357 2631 1477 2682 sinet
1503 2606 1622 2664 niet
1650 2605 1795 2665 hora
1823 2614 1880 2664 et
1908 2623 2067 2663 nunc
2305 2599 2564 2658 dicentes
2647 2601 2813 2658 rabbi
3054 2603 3192 2663 ⁸⁹De
3206 2606 3440 2666 ciuitate
3452 2609 3757 2672 autemilla

749 2706 822 2766 tis
844 2707 904 2764 in
926 2707 1107 2764 uitam
1128 2710 1363 2763 aeterna
1386 2709 1448 2769 ·†
1499 2710 1587 2758 est
1608 2717 1742 2758 cum
1769 2700 1893 2757 ueri
1921 2698 2102 2758 adora
2303 2693 2594 2752 manduca
2617 2725 2631 2740 ·
2697 2692 2741 2726 ⁸²
2757 2705 2814 2754 et
2843 2695 2985 2754 dixit
3055 2698 3216 2757 multi
3247 2700 3613 2760 crediderunt

745 2798 956 2859 ¹⁶Dicit
973 2798 1049 2858 ad
1066 2817 1200 2857 eum
1218 2798 1448 2856 mulier·
1499 2804 1652 2853 tores
1680 2792 2005 2852 adorabunt
2303 2786 2408 2845 illis
2436 2805 2551 2863 ego
2580 2788 2775 2847 cibum
2806 2788 2882 2848 ha
3055 2791 3113 2848 in
3143 2810 3276 2850 eum
3307 2796 3659 2855 samaritano

744 2892 861 2952 diie
891 2893 968 2951 da
994 2890 1138 2949 mihi
1168 2891 1242 2950 de
1268 2909 1421 2967 aqua
1498 2898 1722 2964 patrem
1751 2888 1811 2945 in
1840 2893 1950 2963 spu
1977 2898 2036 2945 et
2055 2905 2129 2946 ue
2301 2881 2415 2939 beo
2443 2881 2601 2957 quod
2631 2883 2852 2941 mandu
3053 2903 3181 2944 rum
3210 2898 3451 2964 propter
3483 2907 3585 2947 uer

744 2986 855 3045 hac
884 2995 949 3043 ut
976 3003 1099 3044 non
1129 2985 1319 3043 sitiam
1498 2982 1659 3040 ritate
1684 3013 1698 3027 ·
1766 2980 1922 3039 Nam
1953 2991 2011 3038 et
2038 2999 2115 3056 pa
2299 2993 2430 3034 care
2460 2993 2634 3051 quem
2661 2994 2770 3035 uos
2800 2995 2921 3036 non
3052 2980 3195 3038 burn
3224 2982 3477 3041 mulieris
3504 3002 3656 3061 quae

745 3099 937 3157 neque
965 3078 1201 3137 ueniam
1230 3079 1343 3137 huc
1497 3085 1581 3133 ter
1609 3075 1749 3134 tales
1777 3085 2012 3151 quaeret
2298 3069 2480 3126 nostis
2501 3100 2514 3114 ·
2574 3069 2617 3100 ⁸³
2635 3070 2906 3130 dicebant
3050 3075 3442 3161 testimonium
3473 3078 3602 3137 dice

745 3174 973 3233 haurire
992 3204 1006 3219 ·
1069 3171 1113 3205 ¹⁶
1131 3173 1269 3232 dicit
1296 3172 1375 3230 illi
1494 3169 1593 3245 qui
1623 3169 1868 3226 adorent
1895 3186 2030 3226 eum
2049 3197 2064 3213 ·
2299 3172 2494 3221 autem
2523 3163 2787 3240 discipuli
2816 3166 2940 3223 eius
3052 3169 3151 3227 bat
3220 3171 3355 3244 quia
3385 3170 3529 3229 dixit
3548 3171 3691 3232 mihi

745 3270 835 3328 ihs
862 3267 1009 3327 uade
1041 3283 1192 3326 uoca
1218 3268 1345 3325 uirfi
1494 3261 1650 3337 ²⁴sps
1673 3273 1760 3320 est
1780 3260 1848 3319 ds
1868 3292 1881 3307 ·
1914 3260 1989 3318 Et
2003 3261 2101 3337 qui
2120 3260 2193 3318 ad
2299 3257 2446 3313 inter
2476 3274 2538 3315 se
2621 3275 2695 3315 ne
2724 3258 2928 3335 aliquis
3050 3263 3252 3321 omnia
3280 3282 3430 3340 quae
3460 3265 3573 3324 feci
3593 3297 3607 3313 ·

744 3373 908 3422 tuum
936 3374 994 3421 et
1022 3362 1157 3420 ueni
1186 3360 1300 3420 huc
1319 3391 1333 3406 ·
1496 3366 1665 3414 orant
1694 3356 1852 3413 illum
1876 3386 1889 3400 ·
1950 3372 2098 3431 opor
2299 3349 2505 3408 attullit
2535 3350 2612 3408 illi
2643 3353 2866 3410 mandu
3050 3355 3177 3414 ⁴⁰Et
3199 3375 3332 3416 cum
3355 3361 3655 3419 uenissent
3675 3360 3753 3421 ad

746 3458 789 3490 ¹⁷
810 3456 1140 3534 Respondit
1166 3455 1370 3513 mulier
1496 3460 1577 3508 tet
1608 3449 1735 3508 illos
1764 3449 1824 3506 in
1854 3454 1964 3524 spu
1992 3458 2049 3506 et
2075 3466 2148 3506 ue
2298 3462 2431 3502 care
2454 3474 2469 3490 ·
2533 3444 2578 3476 ³⁴
2602 3442 2757 3503 Dicit
2787 3446 2896 3506 illis
3049 3469 3185 3509 eum
3215 3454 3545 3512 samaritani

742 3554 943 3612 dicens
973 3568 1095 3610 non
1124 3549 1316 3608 habeo
1495 3545 1660 3602 ritate
1689 3543 1934 3601 adorare
1956 3573 1970 3587 ·
2297 3537 2385 3594 ihs
2469 3555 2603 3596 mea
2629 3549 2716 3596 est
2746 3558 2884 3599 esca
3050 3559 3405 3621 rogauerunt
3433 3567 3568 3607 eum
3596 3560 3661 3609 ut

741 3647 930 3704 uirum
953 3677 967 3691 .
1028 3644 1186 3702 Dicit
1216 3643 1293 3700 illi
1493 3635 1705 3696 ”Dicit
1722 3637 1799 3695 illi
1816 3636 2020 3695 mulier
2042 3635 2163 3694 scio
2297 3641 2361 3689 ut
2390 3630 2599 3689 faciam
2627 3632 2870 3692 uolunta
3050 3640 3129 3698 ibi
3156 3652 3417 3700 maneret
3438 3673 3452 3688 ·
3504 3643 3583 3702 Et
3611 3662 3750 3704 man

743 3741 833 3799 ihs
856 3771 871 3786 ·
930 3740 1080 3797 bene
1109 3736 1304 3796 dixisti
1492 3738 1633 3809 qum
1664 3731 1905 3789 messias
1933 3730 2092 3788 uenit
2295 3736 2415 3784 tem
2444 3726 2566 3784 eius
2596 3727 2692 3802 qui
2720 3745 2816 3785 me
2846 3729 2928 3786 mi
3051 3734 3123 3792 sit
3141 3735 3217 3794 ibi
3235 3736 3416 3794 biduo
3439 3769 3453 3783 .
3479 3738 3612 3798 uEt
3629 3739 3748 3798 mul

740 3835 880 3911 quia
906 3832 1094 3891 uirum
1124 3849 1247 3889 non
1274 3829 1351 3890 ha
1493 3827 1596 3903 qui
1623 3825 1830 3884 dicitur
1858 3829 1968 3899 xps
1989 3856 2002 3869 ·
2037 3823 2189 3882 Cum
2297 3819 2368 3878 sit
2395 3829 2453 3878 et
2481 3819 2780 3896 perficiam
2808 3841 2847 3880 o
3050 3828 3090 3886 ti
3121 3830 3488 3890 crediderunt
3517 3846 3660 3912 prop

735 3929 850 3987 beo
876 3959 891 3974 ‚
956 3925 999 3958 ιε
1017 3925 1274 4002 quinque
1301 3931 1399 3983 eni
1490 3921 1716 3979 uenerit
1744 3920 1868 3995 ipse
1897 3917 2094 3976 adnun
2297 3931 2407 3990 pus
2436 3915 2558 3972 eius
2581 3945 2595 3960 ·
2622 3946 2636 3962 ·
2700 3915 2744 3947 ³⁶
2763 3915 2981 3977 Nonne
3050 3932 3136 3980 ter
3163 3925 3407 3983 uerbum
3436 3927 3562 3986 eius
3582 3958 3596 3974 ·

735 4023 894 4081 uiros
924 4019 1132 4079 abuisti
1155 4049 1169 4065 ·
1230 4028 1289 4077 et
1490 4014 1655 4073 tiabit
1684 4013 1855 4071 nobis
1884 4012 2084 4070 omnia
2106 4042 2120 4057 ·
2294 4024 2404 4066 uos
2432 4006 2618 4066 dicitis
2647 4009 2785 4086 quia
2813 4010 2888 4069 ad
3046 4014 3383 4077 ⁴²Dicebant
3399 4031 3592 4080 autem
3611 4022 3752 4082 muli

735 4134 892 4175 nunc
922 4132 1096 4191 quem
1125 4112 1306 4172 habes
1490 4106 1890 4167 ²⁶Dicitil1iihs
1911 4124 2024 4181 ego
2035 4123 2163 4163 sum
2294 4100 2408 4160 huc
2438 4101 2813 4178 quadrimens
3032 4113 3148 4190 pri.
3213 4112 3464 4191 quiaiam
3492 4136 3615 4177 non

735 4228 858 4270 non
886 4220 973 4268 est
998 4209 1085 4267 uir
1111 4217 1242 4265 tuus
1485 4204 1586 4281 qui
1614 4214 1809 4262 tecum
1836 4201 2045 4277 loquor
2295 4204 2379 4254 tre
2408 4205 2496 4255 est
2525 4206 2582 4254 et
2611 4199 2816 4256 messis
2843 4218 2917 4259 ue
3050 4215 3290 4280 propter
3317 4213 3482 4264 tuum
3510 4225 3604 4267 ser

2784 4293 2869 4351 nit
