4414 4917
1749 443 2205 507 EDITORIS
2242 446 2699 542 NQTULAE.
3440 463 3554 529 143

851 616 971 669 Fol.
997 615 1067 670 55
1085 614 1140 669 b.
1184 614 1265 669 16.
1303 629 1750 685 numnumquam
1787 619 1953 687 ηιμ,
1990 617 2258 683 ἱππῆας
2292 617 2596 672 secundum
2632 632 2770 672 num
2808 618 2989 672 erasit
3023 634 3166 673 corr.
3239 618 3381 671 Post
3419 621 3557 687 qfim

988 714 1058 754 ex
1093 713 1189 752 ore
1222 698 1499 767 scriptum
1534 705 1617 753 est
1649 699 1883 769 aliquid
1909 716 2087 754 manu
2123 715 2174 769 2,
2213 699 2499 756 lectionem
2520 702 2731 772 forsan
2766 701 3053 773 aplicans
3061 719 3095 767 ,·
3139 701 3243 757 sed
3266 702 3559 772 ,emptura

974 782 1202 852 partim
1227 780 1468 835 abscissa
1491 787 1577 835 est
1584 784 1812 853 partim
1835 785 2091 838 euanuit.

849 877 968 932 Fol.
995 876 1082 931 56.
1118 890 1205 947 23.
1225 876 1484 947 pmcipes
1502 878 1988 950 m.p.,isupersoe.
2004 897 2147 935 corr.
2164 896 2238 934 m.
2245 883 2311 951 p.
2364 895 2395 935 2
2403 892 2449 950 5.
2475 880 2717 937 iohanns
2736 899 2810 937 ηι
2816 884 2900 952 μ,
2921 879 3227 952 isuperscr.
3240 896 3386 937 corr.
3403 897 3477 934 m.
3485 883 3554 950 p.

848 973 969 1028 Fol.
996 972 1066 1028 56
1089 973 1145 1028 b.
1184 988 1216 1027 2
1223 985 1270 1043 5.
1299 973 1599 1031 Crediditis
1624 993 1698 1029 m.
1703 978 1787 1046 p.,
1815 995 1842 1032 s
1866 980 2142 1047 superscr.
2167 993 2314 1032 corr.
2339 994 2412 1030 m.
2420 980 2487 1047 p.

847 1069 969 1123 Fol.
995 1068 1082 1124 57.
1120 1084 1205 1139 32.
1231 1069 1549 1127 credidistis
1573 1088 1648 1126 ex
1666 1071 1870 1127 credis·
1896 1075 2144 1128 correxit
2166 1089 2240 1127 m.
2248 1076 2331 1143 p.‚
2355 1072 2585 1128 delendo
2610 1092 2655 1129 s.

847 1166 970 1220 Fol.
996 1165 1083 1221 58.
1118 1180 1206 1234 44.
1243 1184 1279 1222 u
1301 1168 1366 1221 in
1390 1184 1520 1223 eum
1543 1169 1608 1222 in
1632 1185 1747 1223 ras.
1765 1170 1978 1239 scripta
1993 1176 2079 1224 est
2099 1188 2137 1223 a
2162 1186 2236 1223 m.
2242 1172 2310 1240 p.
2382 1181 2469 1239 45.
2496 1170 2612 1241 qud
2638 1186 2711 1224 m.
2717 1173 2803 1241 p.‚
2830 1187 2865 1225 o
2889 1173 3162 1241 superscr.
3186 1184 3329 1225 corr.
3356 1171 3502 1239 ηιμ

847 1263 968 1317 Fol.
994 1262 1065 1318 58
1082 1263 1138 1317 b.
1174 1262 1262 1317 22.
1282 1276 1333 1330 7.
1359 1262 1625 1321 euitatem
1648 1268 1809 1336 ηιμ,
1836 1263 1853 1319 i
1878 1269 2154 1336 superscr.
2177 1282 2323 1321 corr.
2348 1270 2492 1336 ηιμ

847 1358 968 1413 Fol.
995 1358 1081 1414 59.
1124 1374 1204 1428 13.
1231 1357 1449 1415 dntium
1475 1378 1548 1415 m.
1552 1364 1636 1432 p.,
1662 1378 1694 1417 e
1719 1364 1993 1432 superscr.
2019 1378 2162 1418 corr.
2188 1378 2263 1415 m.
2271 1366 2338 1433 p.

846 1455 967 1509 Fol.
992 1453 1079 1509 60.
1118 1455 1203 1510 28.
1228 1465 1312 1510 ert
1338 1460 1503 1527 ηιμ,
1529 1456 1847 1528 i=superscr.
1866 1473 2010 1513 corr.
2037 1461 2182 1528 ηιμ
2258 1472 2342 1527 29.
2367 1475 2521 1514 erras
2540 1463 2702 1529 ηιμ,
2728 1461 2906 1514 erasit
2929 1476 2957 1514 s
2981 1475 3125 1513 corr.
3147 1462 3290 1530 ηιμ
3315 1464 3371 1513 et
3392 1458 3462 1513 tis
3487 1459 3553 1511 in

985 1542 1246 1610 margine
1268 1540 1506 1595 addidit.
1580 1555 1665 1609 31.
1701 1541 1817 1613 qud
1842 1544 2000 1612 ηιμ,
2028 1557 2063 1595 o
2088 1545 2363 1612 superscr.
2388 1557 2531 1598 corr.
2557 1546 2701 1613 ηιμ

848 1635 967 1689 Fol.
992 1633 1065 1690 60
1082 1635 1137 1688 Β.
1174 1649 1260 1704 39.
1285 1645 1371 1691 est
1396 1637 1461 1690 in
1485 1654 1600 1692 ras.
1627 1638 1704 1692 hu
1729 1638 2004 1708 scriptum
2029 1643 2151 1704 est;
2183 1639 2472 1709 inceperat
2495 1638 2679 1693 scriba
2715 1636 2895 1695 simile
2927 1638 3055 1693 huic
3087 1638 3338 1706 scribere,
3367 1636 3471 1691 sed
3486 1638 3551 1691 in

985 1717 1167 1774 simile
1201 1730 1287 1775 est
1330 1718 1462 1776 huic
1504 1722 1752 1776 correxit
1786 1722 1919 1792 ipse.
1992 1733 2080 1791 45.
2122 1721 2297 1777 dauid
2332 1739 2408 1776 ex
2439 1721 2596 1778 dauit
2634 1723 2882 1777 correxit
2914 1724 3059 1792 ηιμ
3132 1738 3165 1777 e
3199 1723 3264 1776 in
3300 1731 3386 1776 est
3421 1738 3495 1775 ex
3527 1730 3549 1776 t

983 1804 1232 1857 correxit
1254 1808 1397 1874 ηιμ

846 1898 967 1953 Fol.
991 1897 1079 1953 61.
1115 1900 1203 1965 46.
1228 1917 1399 1956 ausus
1414 1910 1499 1956 est
1522 1918 1536 1954 ι
1575 1917 1641 1955 us
1656 1910 1742 1956 est
1760 1902 1822 1954 in
1840 1916 1955 1954 ras.
1971 1901 2249 1971 scriptum
2271 1907 2407 1956 esta
2427 1904 2574 1971 ηιμ
2647 1902 2738 1955 23.
2753 1916 2804 1970 3.
2825 1899 3025 1957 dierint
3043 1904 3207 1971 ηιμ,
3226 1919 3262 1954 x
3275 1903 3550 1970 superscr.

982 1998 1128 2038 corr.
1153 1987 1301 2054 ηιμ
1373 1985 1425 2039 6.
1461 1983 1712 2039 conuiuis
1738 1987 1903 2055 ηιμ,
1930 1983 1947 2037 i
1971 1988 2245 2054 superscr.
2273 2001 2417 2040 corr.
2443 1988 2589 2055 ηιμ

845 2078 964 2134 Fol.
989 2078 1057 2132 61
1075 2079 1132 2133 Β.
1168 2094 1220 2148 9.
1253 2096 1454 2135 uocare
1481 2097 1555 2134 ex
1585 2079 1774 2135 uocari
1799 2083 2047 2135 correxit
2074 2084 2223 2151 ηιμ
2294 2098 2394 2135 vv.
2426 2080 2613 2149 13—28.
2649 2082 2864 2134 omittit
2902 2080 3122 2136 Codex:
3157 2096 3256 2133 nec
3287 2080 3554 2150 supplent

982 2169 1313 2218 correctores
1332 2183 1355 2218 .·
1387 2164 1577 2218 eadem
1602 2164 1775 2218 uerba
1798 2180 1933 2217 uero
1956 2170 2013 2218 et
2033 2181 2090 2218 v.
2124 2179 2186 2232 13
2210 2170 2268 2218 et
2288 2181 2345 2219 v.
2372 2179 2442 2233 29
2465 2166 2529 2218 in
2557 2165 2727 2218 initio
2750 2162 2955 2218 habent
2987 2165 3002 2192 ‘
3023 2165 3150 2218 Uae
3174 2173 3363 2218 autem
3388 2162 3550 2220 uobis

982 2244 1166 2302 scribe
1200 2257 1256 2302 et
1289 2246 1476 2302 farisei
1513 2247 1876 2317 hypocritae‚'
1912 2247 2061 2301 unde
2080 2248 2263 2318 facile
2295 2249 2479 2304 scriba
2501 2251 2616 2319 per
2647 2248 2934 2303 incuriam
2945 2248 3237 2318 posterius
3273 2242 3401 2303 Uae
3430 2253 3548 2316 etc„

971 2333 1089 2400 pro
1099 2332 1302 2401 priore
1324 2329 1570 2403 legendo,
1595 2332 1676 2386 sic
1697 2332 1761 2386 in
1786 2331 1966 2386 codice
1975 2333 2230 2401 poneret.

845 2426 965 2482 Fol.
990 2425 1203 2568 62.p32.
1229 2444 1460 2484 mnsura
1495 2430 1657 2499 ηιμ,
1691 2444 1723 2484 e
1759 2430 2033 2499 superscr.
2057 2443 2202 2484 corr.
2229 2431 2376 2500 ηιμ
2452 2440 2537 2499 35.
2561 2426 2844 2485 efunditur
2868 2426 3034 2500 ηιμ,
3059 2426 3088 2481 f
3104 2429 3378 2498 superscr.
3403 2442 3548 2482 corr.

845 2593 891 2648 F
894 2594 965 2648 ol.
991 2593 1061 2648 62
1079 2594 1134 2649 Β.
1173 2607 1258 2663 37.
1286 2595 1390 2651 sub
1415 2595 1552 2663 alaS,
1579 2599 1743 2666 ηιμ,
1769 2596 1807 2649 Β
1832 2600 2107 2666 superscr.
2132 2612 2277 2650 corr.
2303 2600 2450 2667 ηιμ

843 2689 889 2744 F
892 2689 965 2745 ol.
989 2689 1077 2745 63.
1114 2690 1201 2745 24.
1220 2690 1270 2745 8.
1296 2689 1677 2762 parturitionis
1701 2708 1775 2746 ex
1793 2709 1922 2748 -nes
1946 2694 2194 2746 correxit
2216 2710 2289 2747 ηι
2299 2695 2364 2763 μ

843 2785 963 2841 Fol.
989 2785 1060 2841 63
1078 2787 1133 2841 Β.
1175 2802 1256 2841 1ο.
1281 2787 1471 2843 tradnt
1494 2804 1567 2842 m.
1580 2793 1663 2859 μ,
1689 2805 1722 2843 e
1745 2792 2020 2859 superscr.
2044 2792 2189 2858 ηιμ

844 2882 890 2937 F
893 2883 966 2937 ol.
985 2882 1073 2937 64.
1112 2897 1198 2938 22.
1220 2883 1364 2938 omis
1384 2888 1546 2955 ηιμ,
1574 2901 1614 2911 ···
1638 2884 1864 2939 addidit
1886 2901 2093 2938 manus
2104 2884 2409 2955 posterior.

843 2979 962 3034 Fol.
988 2978 1059 3033 64
1077 2978 1133 3034 b.
1196 2992 1280 3047 27.
1304 2989 1389 3036 ert
1414 2996 1487 3034 m.
1492 2983 1576 3051 p.,
1604 2980 1917 3052 isuperscr.
1943 2997 2086 3035 corr.
2114 2984 2258 3051 ηιμ
2333 2995 2418 3049 29.
2444 2981 2605 3037 stllae
2640 2982 2807 3051 ηιμ,
2844 2996 2878 3036 e
2911 2983 3186 3050 superscr.
3219 2996 3362 3034 corr.
3391 2994 3466 3033 m.
3483 2983 3549 3049 p.

984 3077 1070 3131 31.
1096 3062 1272 3119 sumis
1297 3067 1459 3135 ηιμ,
1484 3080 1542 3118 m
1567 3068 1843 3136 superscr.
1869 3080 2013 3119 corr.
2036 3068 2182 3134 ηιμ

843 3159 963 3214 Fol.
988 3158 1075 3214 65.
1125 3173 1209 3227 34.
1248 3161 1283 3217 ’r
1318 3164 1450 3215 ante
1485 3162 1668 3217 Amen
1703 3176 1880 3214 manu
1905 3174 1957 3229 2,
1982 3160 2220 3215 initium
2253 3165 2323 3214 ut
2357 3159 2592 3216 uidetur
2621 3159 2875 3215 lectiom‘s
2909 3165 3087 3214 notat.
3127 3159 3275 3215 donc
3312 3160 3478 3229 ηιμ,
3515 3175 3549 3214 e

979 3246 1256 3314 superscr.
1279 3260 1422 3298 corr.
1448 3248 1595 3315 ηιμ

843 3338 963 3393 Fol.
988 3338 1075 3392 66.
1126 3350 1210 3407 51.
1246 3357 1285 3410 g
1320 3340 1384 3394 in
1421 3339 1640 3409 ignorat
1675 3357 1750 3394 ex
1780 3356 1817 3394 n
1854 3340 2103 3395 correxit
2139 3356 2213 3393 m.
2227 3343 2294 3411 p.
2366 3340 2453 3396 25.
2498 3354 2542 3395 1.
2573 3340 2606 3395 ’1-
2631 3346 2763 3394 ante
2799 3340 2960 3394 Tunc
2995 3355 3174 3392 manu
3199 3353 3269 3406 23
3308 3337 3547 3392 im'tium

976 3421 1231 3477 lectionis
1249 3423 1346 3491 (Ρ).

842 3505 960 3561 Fol.
985 3505 1057 3560 66
1075 3506 1128 3561 b.
1179 3518 1229 3573 7.
1254 3515 1654 3576 composui-unt
1674 3509 1835 3577 ηιμ,
1854 3522 1886 3561 e
1902 3510 2177 3577 superscr.
2192 3523 2337 3561 corr.
2354 3524 2428 3561 m.
2448 3520 2498 3577 3.
2579 3523 2657 3561 10.
2683 3507 2839 3561 clusa
2863 3509 3024 3575 ηιμ,
3051 3521 3086 3559 2
3108 3506 3382 3574 superscr.
3399 3517 3545 3557 corr.

980 3606 1055 3644 m.
1077 3603 1126 3659 3.
1182 3604 1263 3645 12.
1286 3591 1429 3644 Post
1448 3589 1611 3645 uobis
1634 3596 1719 3645 est
1728 3607 1844 3644 ras.
1871 3589 1903 3644 8
1928 3597 2036 3644 aut
2049 3605 2083 3660 9
2107 3591 2437 3646 litterarum
2441 3609 2478 3658 ,·
2511 3607 2623 3658 nec,
2647 3588 2794 3660 quid
2809 3590 3083 3660 scriptum
3093 3588 3300 3659 flectit,
3323 3585 3520 3656 liquet.

842 3684 888 3739 F
891 3686 962 3740 ol.
988 3684 1076 3739 67.
1128 3698 1207 3753 17.
1233 3686 1317 3739 ad
1315 3685 1465 3755 fin.,·
1499 3685 1725 3740 addidit
1747 3703 1953 3741 mames
1966 3688 2270 3757 posterior.

987 3768 1067 3823 18.
1104 3768 1398 3824 dfiiamdfii
1435 3769 1520 3825 sui
1558 3787 1631 3824 m.
1639 3773 1705 3841 p.
1730 3771 1993 3836 incaute,·
2026 3772 2205 3825 erasit
2238 3786 2334 3826 am
2371 3769 2469 3825 dfii
2508 3768 2592 3825 sui
2629 3774 2687 3825 et
2718 3766 2804 3825 sui
2839 3768 2905 3823 in
2935 3767 3051 3823 loco
3074 3783 3169 3822 am
3193 3766 3291 3822 diii
3302 3767 3505 3838 posuit
3523 3786 3545 3822 .·

979 3870 1030 3907 v.
1065 3867 1145 3921 19.
1177 3854 1311 3908 Post
1333 3855 1397 3907 in
1421 3854 1744 3926 rasurassui
1769 3855 2042 3925 scriptum
2068 3860 2164 3908 est.

841 3948 887 4003 F
891 3948 962 4005 ol.
986 3948 1057 4003 67
1075 3951 1129 4004 Β.
1181 3964 1265 4004 20.
1301 3950 1472 4006 taleta
1505 3967 1579 4003 m.
1585 3952 1668 4020 μ,
1694 3967 1733 4005 n
1762 3954 2035 4020 superscr.
2072 3966 2217 4005 corr.
2248 3953 2396 4020 ηιμ
2467 3948 2579 4004 alia
2615 3946 2861 4019 quinque
2895 3964 2961 4002 su
2995 3944 3003 4017 Ι
3034 3947 3378 4017 perlucratus
3414 3961 3541 3999 sum

979 4035 1209 4104 scripsit
1241 4037 1403 4104 m.p.,
1442 4035 1656 4089 talenta
1690 4035 1893 4088 omisso
1913 4053 1935 4089 .·
1969 4035 2148 4088 erasit
2183 4051 2250 4088 su
2286 4049 2428 4087 corr.
2455 4050 2528 4086 m.
2535 4035 2618 4103 p.,
2653 4037 2709 4086 et
2741 4031 2951 4088 talenta
2980 4032 3046 4086 in
3079 4046 3289 4085 rasura
3300 4029 3544 4099 posuit,-

978 4133 1046 4172 su
1080 4118 1145 4170 in
1169 4119 1432 4189 margine
1452 4118 1735 4187 sequentis
1758 4117 1941 4171 lineae
1962 4123 2094 4171 ante
2118 4117 2462 4188 perlucratus
2487 4115 2725 4171 addidit.

982 4215 1066 4255 21.
1101 4199 1235 4256 fusti
1282 4218 1356 4255 ηι
1370 4204 1454 4272 μ,
1498 4200 1515 4256 i
1557 4204 1832 4272 superscr.
1870 4216 2014 4256 corr.
2058 4218 2132 4256 m.
2148 4204 2214 4272 p.
2290 4215 2375 4254 22.
2412 4200 2526 4256 alia
2565 4200 2792 4254 addidit
2828 4199 2893 4253 in
2942 4198 3202 4270 margine
3238 4213 3311 4251 m.
3315 4198 3381 4266 p.
3456 4207 3540 4265 25.

979 4286 1286 4344 talentuum
1311 4302 1386 4340 m.
1398 4287 1482 4356 p.,
1506 4283 1666 4356 quod
1678 4286 1745 4340 in
1769 4285 2046 4341 talentum
2064 4295 2224 4350 tuum
2247 4286 2495 4342 correxit
2514 4284 2702 4341 eadem
2728 4299 2950 4338 manus.
