4414 4917
1740 430 2197 492 EDJTORJS
2236 430 2366 492 No
2376 431 2602 491 TULA
2615 432 2695 490 E.
3413 446 3525 507 141

817 606 933 660 1701.
961 605 1047 658 31.
1095 605 1182 670 46.
1212 603 1380 658 fratrs
1406 619 1480 656 m.
1494 606 1577 673 p.,
1605 618 1636 656 e
1661 596 1936 671 superscr.
1962 618 2105 656 corr.
2134 618 2207 655 m.
2221 604 2287 671 p.

815 701 934 755 1701.
960 699 1046 754 32.
1100 699 1183 755 13.
1213 712 1293 753 12.
1321 698 1437 768 qud
1462 714 1536 751 m.
1549 700 1631 767 p.,
1660 714 1695 751 0
1719 702 1995 769 superscr.
2020 713 2164 751 corr.
2192 714 2266 751 m.
2280 700 2347 768 p.
2428 710 2509 762 14.
2547 695 2865 752 uidebibitis
2890 697 2976 750 ita
3009 695 3138 752 Cod.

815 797 933 851 1701.
972 795 1041 850 32
1077 795 1133 849 1).
1186 806 1267 864 15.
1305 793 1585 863 intellegnt
1630 810 1703 847 m.
1736 798 1818 863 p.,
1862 812 1899 849 a
1939 797 2216 864 superscr.
2251 809 2395 847 corr.
2434 809 2507 846 m.
2533 796 2599 863 p.
2679 793 2759 847 16.
2798 809 2931 847 aure
2970 809 3043 846 m.
3070 794 3155 862 p.,
3193 809 3221 847 5
3252 794 3528 862 superscr.

955 896 1100 935 corr.
1125 896 1199 933 m.
1213 880 1280 948 p.

817 976 937 1029 1701.
963 974 1032 1028 33
1056 973 1112 1028 b.
1163 973 1249 1028 28.
1287 971 1425 1027 aieis
1459 990 1533 1026 m.
1547 975 1630 1043 p.,
1658 982 1679 1027 t
1702 976 1978 1043 superscr.
2004 988 2146 1026 corr.
2174 990 2248 1026 m.
2262 975 2328 1043 p.

817 1071 935 1125 1701.
973 1070 1058 1124 34.
1108 1084 1194 1138 30.
1231 1070 1454 1124 hrreum
1491 1086 1564 1123 m.
1578 1073 1662 1138 p.,
1700 1086 1735 1122 0
1771 1072 2047 1139 superscr.
2085 1086 2230 1123 corr.
2267 1085 2341 1122 m.
2366 1072 2433 1139 p.
2509 1082 2594 1136 31.
2633 1067 2750 1138 qud
2787 1084 2860 1123 m.
2885 1070 2969 1138 p.,
3007 1085 3042 1121 0
3078 1071 3353 1137 superscr.
3385 1083 3533 1121 corr.

959 1171 1032 1208 m.
1100 1194 1113 1208 .

818 1251 938 1304 1701.
965 1156 1114 1304 34ἴ.
1164 1261 1249 1319 35.
1286 1247 1580 1303 abscndita
1613 1265 1686 1302 m.
1703 1252 1788 1318 p.,
1827 1265 1862 1301 0
1898 1251 2173 1319 superscr.
2211 1264 2354 1302 corr.
2382 1264 2455 1301 m.
2470 1251 2535 1318 p.
2610 1208 2695 1316 37.
2734 1248 2811 1302 At
2843 1263 3070 1301 erasum
3095 1251 3193 1301 est.
3268 1247 3353 1315 38.
3390 1246 3533 1301 Post

957 1343 1042 1389 est
1053 1334 1256 1403 posuit
1275 1333 1312 1386 h
1340 1349 1414 1385 m.
1428 1334 1512 1402 p.,
1540 1329 1703 1386 uelut
1725 1331 1815 1386 hic
1840 1333 2135 1403 scriptura
2142 1349 2177 1397 ,·
2200 1331 2559 1401 perlineauit
2579 1337 2635 1384 et
2655 1332 2940 1401 expunxit
2960 1331 3150 1384 eadem
3176 1348 3399 1384 manus.

818 1431 937 1485 1⁷01.
964 1430 1049 1484 35.
1099 1443 1185 1496 42.
1221 1429 1379 1483 Ante
1406 1430 1566 1482 Tunc
1592 1429 1843 1498 ponitur
1865 1429 1899 1484 †
1925 1444 2104 1482 manu
2129 1442 2199 1496 2;
2243 1428 2481 1481 initium
2517 1426 2775 1482 lectionis
2793 1429 2825 1481 ,9
2894 1428 2982 1495 46.
3019 1426 3241 1481 inueta:
3276 1427 3366 1480 ita
3401 1426 3530 1482 Cod.

820 1524 939 1579 1701.
965 1524 1036 1579 35
1059 1525 1114 1578 b.
1169 1536 1251 1594 54.
1288 1523 1455 1578 uenin
1480 1525 1690 1594 incepit
1711 1524 1946 1578 scribere
1971 1541 2044 1578 m.
2057 1526 2141 1594 p.,
2168 1523 2326 1593 quod
2342 1525 2406 1577 in
2430 1522 2664 1578 ueniens
2689 1524 2953 1577 correxit.

818 1621 865 1675 F
869 1622 940 1675 ol.
967 1620 1052 1674 36.
1106 1632 1189 1690 55.
1225 1620 1421 1690 ioseph
1446 1636 1519 1674 m.
1533 1623 1618 1691 p.,
1636 1622 1932 1690 expunctis
1955 1638 1992 1691 p
2018 1620 2074 1687 h,
2098 1624 2374 1690 superscr.
2399 1636 2427 1673 5
2453 1636 2597 1673 corr.
2624 1636 2697 1672 m.
2714 1621 2777 1688 p.
2848 1618 2923 1672 In
2946 1620 3127 1693 capite
3139 1623 3280 1693 pag.
3305 1618 3536 1688 scripsit

961 1721 1035 1758 m.
1061 1718 1112 1757 2.
1185 1705 1219 1760 †
1248 1705 1372 1757 1111
1402 1704 1666 1758 calendas
1690 1704 2039 1758 sebtembres
2065 1703 2332 1773 pustridie
2357 1701 2588 1757 iohanni
2613 1703 2883 1773 bapteste,
2908 1703 3206 1770 eademque
3229 1718 3436 1755 manus
3458 1700 3543 1754 ad

959 1790 1079 1857 cap.
1108 1787 1192 1840 14.
1224 1802 1268 1841 1.
1305 1788 1368 1840 in
1392 1788 1630 1841 sinistra
1668 1788 1931 1858 margine
1955 1788 1989 1843 †
2015 1787 2105 1841 ihc
2129 1787 2361 1857 scripsit
2364 1804 2398 1852 ,·
2434 1802 2645 1841 necnon
2682 1790 2815 1840 ante
2854 1786 2920 1839 In
2959 1785 3049 1840 illo
3084 1785 3293 1840 iterum
3320 1786 3353 1841 †
3377 1790 3434 1838 et
3467 1786 3532 1838 in

961 1872 1162 1925 dextra
1187 1872 1450 1941 margine
1472 1871 1635 1925 lectio
1661 1876 1746 1925 εδῑ
1769 1870 2030 1925 iohannis
2054 1871 2311 1941 bapteste
2336 1868 2577 1925 addidit.

818 1969 863 2022 F
867 1969 936 2022 ol.
963 1967 1033 2021 36
1057 1968 1112 2020 1).
1160 1966 1211 2020 8.
1250 1984 1314 2020 sa
1339 1982 1412 2019 m.
1440 1969 1523 2036 p.,
1551 1984 1586 2020 u
1610 1969 1884 2037 superscr.
1908 1983 2052 2020 corr.
2080 1983 2153 2019 m.
2166 1970 2235 2036 p.
2324 1964 2498 2020 mihic
2535 1982 2607 2018 m.
2623 1968 2706 2035 p.,
2731 1981 2762 2019 c
2786 1965 3002 2035 perlin.
3028 1968 3084 2018 et
3105 1968 3352 2035 eapunx.
3379 1980 3527 2018 corr.

986 2067 1059 2103 m.
1072 2052 1138 2120 p.
1210 2063 1262 2117 9.
1299 2058 1488 2104 autem
1520 2066 1745 2104 erasum
1778 2055 1875 2104 est.
1948 2060 2135 2121 prpter
2160 2066 2234 2102 m.
2247 2051 2331 2119 p.,
2358 2066 2392 2103 0
2415 2053 2689 2119 superscr.
2714 2065 2857 2103 corr.
2885 2066 2957 2102 m.
2973 2052 3037 2119 p.

821 2148 941 2202 1701.
979 2147 1066 2201 37.
1120 2161 1200 2213 14.
1237 2146 1372 2199 finet
1394 2149 1534 2215 post
1565 2162 1759 2200 eorum
1786 2163 1858 2199 m.
1896 2160 1928 2199 2
1966 2147 2241 2215 scriplum
2279 2151 2377 2212 est,
2414 2152 2473 2199 el
2505 2146 2589 2199 ad
2615 2145 2902 2198 lectionem
2927 2151 3011 2198 sfft·
3028 2144 3273 2199 iohanni
3291 2146 3534 2216 bapteste

961 2234 1208 2300 spectare
1232 2228 1478 2283 uidetur.
1556 2242 1637 2298 15.
1674 2239 2000 2284 acceserunt
2023 2246 2037 2285 ε
2077 2246 2112 2283 a
2135 2231 2200 2283 in
2224 2245 2339 2282 ras.
2367 2246 2394 2283 5
2416 2230 2631 2299 scripta
2656 2234 2739 2282 est
2760 2246 2797 2281 a
2822 2245 2894 2282 m.
2909 2233 2975 2299 p.
3289 2230 3298 2237 ’

828 2328 946 2382 1701.
974 2327 1044 2381 37
1068 2327 1124 2381 1).
1181 2339 1261 2392 17.
1299 2325 1348 2380 ic
1375 2343 1448 2378 m.
1463 2328 1548 2395 p.,
1573 2325 1609 2378 h
1634 2329 1910 2395 superscr.
1935 2341 2079 2380 corr.
2108 2343 2182 2379 m.
2195 2328 2263 2395 p.
2290 2325 2388 2379 uel
2405 2331 2549 2379 certe
2572 2342 2645 2378 m.
2672 2328 3152 2394 contemporanea.

968 2425 1050 2480 19.
1078 2427 1105 2466 s
1128 2411 1193 2465 in
1215 2409 1389 2466 turbis
1412 2411 1737 2464 semi-erasa
1760 2414 1855 2464 est.

826 2509 942 2564 1701.
968 2508 1053 2563 39.
1108 2508 1191 2562 15.
1219 2522 1268 2576 3.
1293 2506 1632 2562 tratitionem
1658 2523 1732 2559 m.
1745 2508 1812 2576 p.
1838 2504 2073 2575 quadiu
2099 2504 2272 2560 tradi·
2307 2507 2558 2562 correxit
2576 2505 2766 2559 eadem
2793 2522 3014 2559 manus.

828 2604 943 2658 1701.
972 2605 1041 2658 39
1064 2603 1121 2657 1).
1177 2619 1257 2657 11.
1296 2603 1617 2657 Secundum
1643 2602 1813 2657 intrat
1837 2618 2066 2656 erasum
2091 2607 2188 2656 est.

825 2700 944 2755 1701.
970 2699 1056 2754 40.
1108 2711 1190 2765 17.
1227 2697 1551 2754 intelexistis
1593 2715 1668 2752 m.
1693 2701 1776 2769 p.,
1815 2700 1833 2753 l
1869 2701 2143 2769 superscr.
2180 2713 2325 2752 corr.
2363 2714 2437 2751 m.
2462 2701 2528 2772 p.
2604 2712 2689 2751 20.
2728 2697 3050 2753 Secundum
3087 2697 3348 2753 manibus
3385 2696 3544 2767 quod

963 2783 1191 2837 incuria
1225 2783 1625 2853 duplicauerat
1656 2782 1856 2849 scriba,
1892 2799 2119 2836 erasum
2154 2788 2252 2836 est.
2345 2796 2429 2835 21.
2464 2782 2498 2837 †
2534 2787 2668 2835 ante
2703 2783 2778 2837 Et
2816 2798 2994 2835 manu
3033 2796 3065 2835 2
3101 2784 3376 2852 scriptum
3412 2787 3538 2847 est,-

965 2868 1201 2921 initium
1228 2872 1297 2920 ut
1318 2866 1502 2921 udtur
1522 2865 1792 2921 lectionis.

828 2964 947 3018 Fol.
973 2965 1043 3018 40
1067 2964 1122 3017 b.
1172 2977 1258 3031 23.
1296 2961 1614 3017 Dimittea-
1637 2979 1711 3016 m.
1724 2965 1806 3033 p.,
1833 2979 1865 3016 e
1889 2964 2163 3032 superscr.
2187 2978 2332 3016 corr.
2359 2978 2431 3015 m.
2445 2964 2510 3032 p.
2567 2976 2653 3029 24.
2682 2959 2956 3018 sumissus
2981 2979 3055 3016 m.
3068 2965 3153 3033 p.,
3178 2979 3236 3016 m
3259 2966 3537 3033 superscr.

965 3062 1109 3101 corr.
1147 3063 1221 3099 m.
1248 3059 1308 3113 p.
1382 3047 1470 3101 26.
1506 3045 1817 3117 respodens
1857 3062 1929 3099 m.
1952 3049 2035 3116 p.,
2074 3062 2108 3099 0
2144 3049 2419 3116 superscr.
2456 3062 2600 3099 corr.
2637 3063 2711 3099 m.
2736 3049 2803 3117 p.
2877 3045 3035 3114 29.'†
3071 3052 3202 3102 ante
3233 3048 3310 3103 Et
3334 3045 3540 3117 posuit

968 3146 1042 3183 m.
1087 3144 1138 3195 2,
1178 3145 1324 3199 quae
1363 3130 1498 3183 item
1539 3129 1605 3183 in
1644 3130 1789 3184 calce
1825 3132 1968 3200 pag.
2010 3129 2249 3183 titulum
2292 3129 2549 3184 lectionis
2588 3131 2892 3200 scripserat
2897 3149 2932 3196 ,·
2977 3130 3201 3184 litterae
3227 3131 3538 3203 pleraeque

967 3213 1237 3267 abscissae
1268 3219 1419 3267 sunt.

828 3310 947 3364 1701.
986 3309 1072 3362 41.
1122 3323 1208 3376 32.
1248 3309 1282 3364 †
1324 3315 1457 3363 ante
1499 3309 1600 3364 Ihs
1639 3324 1816 3363 manu
1857 3322 1920 3376 23
1970 3309 2206 3363 initium
2257 3308 2354 3364 uel
2370 3310 2523 3380 finis
2564 3310 2831 3365 lectionis.
2924 3323 3009 3378 34.
3048 3309 3313 3379 piciculos
3350 3328 3424 3365 m.
3452 3314 3533 3381 p.,

968 3410 997 3447 5
1020 3395 1293 3463 superscr.
1318 3408 1462 3447 corr.
1489 3409 1562 3446 m.
1575 3395 1641 3463 p.

829 3490 949 3544 1701.
976 3489 1039 3543 41
1069 3490 1125 3543 b.
1177 3503 1262 3557 39.
1289 3489 1323 3544 †
1335 3491 1475 3559 post
1495 3488 1796 3558 magdalan
1822 3504 2001 3542 manu
2026 3503 2056 3541 2
2082 3505 2097 3555 ;
2117 3489 2270 3559 finis
2293 3494 2362 3542 ut
2383 3488 2564 3542 udtur
2586 3487 2852 3543 lectionis.

828 3588 947 3642 Fol.
975 3586 1061 3640 42.
1114 3585 1197 3640 16.
1222 3600 1275 3652 4.
1312 3584 1481 3640 nstris
1507 3602 1580 3638 m.
1592 3587 1676 3655 p.,
1701 3601 1738 3638 0
1761 3588 2034 3658 superscr.
2059 3601 2202 3639 corr.
2230 3602 2303 3637 m.
2317 3587 2384 3655 p.
2455 3601 2531 3638 nn
2570 3602 2643 3637 m.
2657 3587 2740 3654 p.,
2765 3600 2800 3639 0
2824 3587 3095 3654 superscr.
3120 3600 3263 3638 corr.
3290 3602 3363 3638 m.
3376 3590 3443 3656 p.

972 3681 1021 3740 5.
1058 3686 1089 3725 e
1114 3670 1177 3723 in
1203 3668 1321 3723 eius
1345 3670 1410 3723 in
1434 3685 1549 3722 ras.
1572 3668 1788 3738 scripta
1811 3675 1894 3722 est
1914 3685 1952 3721 a
1977 3685 2050 3722 m.
2063 3672 2130 3739 p.
2202 3678 2321 3724 tras
2347 3685 2420 3721 m.
2433 3672 2517 3738 p.,
2544 3685 2580 3721 n
2604 3671 2878 3738 superscr.
2903 3683 3046 3721 corr.
3073 3685 3145 3721 m.
3158 3670 3226 3738 p.

712 3759 717 3772 '
830 3767 951 3821 Fol.
977 3765 1048 3819 42
1071 3767 1124 3819 b.
1172 3779 1253 3818 11.
1290 3764 1400 3819 nde
1426 3780 1499 3817 m.
1513 3766 1597 3834 p.,
1623 3781 1697 3819 on
1724 3767 1999 3837 superscr.
2030 3780 2174 3820 corr.
2210 3781 2284 3817 m.
2297 3767 2364 3834 p.
2395 3763 2759 3819 adtendtendi
2798 3780 2872 3817 m.
2898 3766 2964 3834 p.
2989 3764 3219 3817 incuria
3254 3767 3538 3835 expunxit

969 3848 1394 3920 etperlineauit
1415 3847 1512 3902 ndi
1537 3863 1681 3902 corr.
1707 3864 1781 3900 m.
1793 3851 1878 3917 p.,
1903 3853 1961 3901 et
1983 3847 1999 3901 i
2025 3850 2303 3918 superscr.

830 3947 950 4001 1701.
976 3946 1063 3999 43.
1119 3957 1198 4011 17.
1235 3962 1314 3999 nn
1351 3961 1424 3998 m.
1450 3947 1535 4015 p.,
1572 3960 1607 3998 o
1642 3946 1915 4014 superscr.
1941 3960 2085 3998 corr.
2123 3961 2196 3997 m.
2223 3946 2289 4014 p.
2361 3942 2591 3997 ruelabit
2630 3959 2702 3996 m.
2727 3945 2812 4013 p.,
2837 3959 2870 3997 e
2905 3945 3178 4013 superscr.
3209 3959 3351 3997 corr.
3378 3959 3452 3998 m.
3465 3947 3534 4015 p.

976 4030 1057 4085 18.
1095 4038 1216 4099 prte
1242 4046 1315 4082 m.
1328 4031 1412 4099 p.,
1439 4044 1476 4081 0
1498 4030 1772 4098 superscr.
1797 4044 1941 4081 corr.
1966 4045 2040 4081 m.
2053 4031 2119 4099 p.
2217 4041 2299 4095 19.
2334 4044 2393 4080 m
2428 4028 2494 4080 in
2531 4036 2736 4083 terram
2772 4026 2792 4094 (
2795 4028 2994 4097 primo
3031 4026 3169 4095 loco)
3208 4027 3535 4081 semi-erasa

968 4119 1066 4168 est.
1138 4128 1524 4185 quecumquae
1545 4127 1620 4166 ex
1633 4109 1966 4183 quicumque
1985 4111 2231 4166 correxit
2253 4127 2328 4164 m.
2338 4112 2406 4180 p.
2479 4124 2565 4165 21.
2590 4111 2664 4164 In
2683 4126 2866 4182 marg.
2882 4116 3014 4164 ante
3027 4109 3247 4165 Exinde
3259 4111 3533 4180 scriptum

968 4204 1054 4253 est
1074 4196 1131 4253 in
1154 4196 1290 4252 timo
1320 4194 1330 4265 Ι
1361 4194 1475 4251 thei
1500 4205 1556 4250 et
1582 4193 1639 4249 in
1664 4211 1843 4250 manu
1868 4209 1918 4249 2.

834 4295 953 4349 Fol.
979 4294 1050 4348 43
1072 4295 1127 4349 b.
1178 4303 1264 4362 25.
1280 4351 1285 4356 ,
1300 4301 1488 4363 prpter
1511 4309 1584 4348 m.
1596 4294 1681 4363 p.,
1708 4307 1744 4347 0
1767 4294 2041 4362 superscr.
2065 4306 2211 4347 corr.
2237 4308 2309 4344 m.
2326 4294 2390 4361 p.
