4414 4917
1667 440 2124 503 EDJTORJS
2162 442 2294 503 No
2304 441 2528 502 TULA
2542 444 2617 505 E.
3378 457 3401 500 1
3415 450 3499 519 55

803 612 920 666 Fol.
950 611 1033 665 11.
1079 626 1165 679 44.
1203 610 1360 665 Ante
1381 612 1485 666 hec
1498 612 1700 682 posuit
1719 614 1756 676 †
1781 629 1854 665 νη.
1871 626 1920 679 2,
1946 612 2243 683 eademque
2278 629 2483 666 manus
2517 614 2581 666 in
2612 610 2758 666 calce
2779 613 3035 683 paginae
3056 610 3286 681 sempsit
3319 608 3377 663 in
3411 608 3505 663 die

938 694 1297 749 ascensiones
1323 695 1417 749 (1ῆί
1443 695 1616 749 nostri
1644 695 1740 750 ihu
1765 696 1856 766 xpi
1885 694 2092 751 second
2117 713 2343 750 carnem
2367 694 2529 750 lectio
2564 695 2833 764 euangelii
2871 695 3179 749 secondum
3200 696 3344 749 luca.
3416 704 3505 761 45.

942 778 1262 833 Secundum
1286 778 1502 849 aperuit
1515 779 1870 848 perlineauit
1890 785 1946 832 et
1966 781 2248 849 expunxit
2268 796 2411 833 corr.
2438 796 2512 832 νη.
2517 782 2580 849 p.

804 876 922 929 Fol.
952 876 1012 929 11
1042 877 1096 931 b.
1132 890 1219 944 49.
1256 885 1410 945 patrs
1436 878 1596 944 m.p.,
1624 875 1639 929 i
1665 879 1938 945 superscr.
1964 892 2106 929 corr.
2132 892 2205 928 m.
2214 879 2279 944 p.

802 972 847 1025 F
851 971 921 1025 ol.
952 970 1018 1025 12
1037 971 1092 1025 b.
1128 972 1202 1026 In
1237 972 1418 1041 capite
1442 973 1698 1042 paginae
1731 972 2005 1040 scrzptum
2040 976 2125 1024 est
2159 988 2232 1025 νη.
2247 973 2312 1041 p.
2351 970 2571 1026 initium
2621 971 2698 1025 sci
2743 971 3033 1040 euangelii.
3073 972 3121 1024 1.
3143 983 3192 1037 7.
3219 968 3403 1024 ueniet
3439 984 3513 1020 ex

943 1053 1094 1109 uenit
1117 1056 1364 1109 correxit
1384 1071 1457 1108 νη.
1463 1058 1528 1124 p.
1601 1056 1742 1108 Post
1762 1054 1913 1108 hunc
1935 1071 2163 1110 uersum
2187 1054 2339 1108 deest
2341 1054 2562 1125 solium
2589 1070 2785 1108 unum.

806 1150 926 1204 Fol.
954 1150 1057 1205 156
1072 1150 1126 1204 b.
1176 1164 1260 1218 34.
1300 1150 1524 1205 demnia
1560 1168 1633 1204 νη.
1649 1153 1731 1220 p.,
1769 1167 1803 1205 o
1840 1154 2114 1221 superscr.
2151 1166 2297 1206 corr.
2335 1167 2408 1203 m.
2412 1154 2479 1221 p.
2552 1162 2637 1219 35.
2673 1167 2944 1219 exurgens
2981 1167 3055 1203 m.
3060 1153 3141 1220 p.,
3170 1166 3196 1203 s
3233 1151 3509 1218 superscr.

944 1250 1087 1290 corr.
1114 1250 1187 1287 m.
1191 1237 1256 1302 p.

807 1330 852 1383 F
856 1330 927 1382 ol.
959 1329 1060 1384 157
1083 1329 1137 1383 b.
1186 1329 1236 1383 2.
1262 1344 1312 1383 2.
1349 1330 1387 1384 b
1424 1331 1491 1383 in
1528 1331 1759 1385 uerbum
1799 1347 1873 1383 ex
1908 1347 1943 1384 u
1982 1332 2233 1385 correxit
2270 1347 2413 1386 corr.
2457 1347 2530 1384 m.
2544 1332 2605 1399 p.
2679 1344 2728 1398 3.
2766 1347 2838 1385 ne
2878 1331 2944 1383 in
2982 1337 3251 1384 uenerunt
3287 1346 3324 1380 a
3362 1343 3436 1379 νη.
3445 1328 3511 1394 p.

946 1414 1232 1481 omissum,
1257 1412 1484 1467 addidit
1504 1415 1569 1467 in
1595 1416 1857 1485 margine
1881 1431 2023 1468 corr.
2050 1430 2123 1466 νη.
2131 1417 2197 1482 p.

809 1511 929 1564 Fol.
958 1509 1077 1564 158.
1133 1524 1213 1578 13.
1250 1510 1495 1581 pocessit
1522 1528 1596 1563 m.
1601 1514 1684 1580 p.,
1709 1528 1738 1563 r
1760 1512 2034 1579 superscr.
2059 1526 2203 1563 corr.
2231 1526 2304 1562 νη.
2313 1513 2377 1579 p.

809 1608 854 1661 F
858 1607 928 1661 ol.
958 1606 1060 1661 158
1077 1605 1134 1659 b.
1189 1619 1268 1672 14.
1303 1618 1381 1675 15.
1417 1616 1473 1661 te
1496 1608 1563 1660 in
1586 1605 1908 1677 praeteriret
1934 1612 2104 1675 atque
2127 1622 2196 1660 cu
2222 1607 2286 1659 in
2313 1606 2485 1661 secuti
2510 1624 2548 1659 a
2572 1623 2715 1660 corr.
2742 1622 2815 1659 νη.
2823 1609 2888 1675 p.
2914 1604 3114 1659 addita
3136 1609 3287 1657 sunt.

812 1702 929 1757 Fol.
959 1702 1077 1757 159.
1127 1717 1212 1756 22.
1250 1702 1545 1773 disrumpit
1568 1720 1640 1757 ex
1662 1702 1975 1772 disrumpet
2000 1704 2252 1756 correxit
2274 1719 2346 1755 m.
2349 1706 2415 1773 p.
2441 1719 2583 1757 corr.

812 1799 857 1852 F
860 1798 930 1852 ol.
961 1797 1063 1853 159
1077 1798 1133 1852 b.
1184 1811 1270 1865 27.
1309 1798 1347 1852 b
1396 1800 1461 1853 in
1529 1799 1823 1854 sabbatum
1881 1801 2159 1868 superscr.
2209 1814 2354 1852 corr.
2417 1815 2489 1853 m.
2505 1801 2570 1869 p.
2619 1799 2718 1852 bis.
2792 1799 2934 1851 Post
2991 1805 3222 1867 propter
3279 1793 3519 1848 secundo

951 1882 1083 1948 loca,
1106 1883 1310 1952 posuit
1336 1898 1363 1935 s
1396 1882 1578 1936 scriba
1620 1883 1791 1951 quasi
1823 1882 2120 1936 sabbatum
2167 1882 2360 1934 eadem
2396 1881 2548 1935 linea
2583 1884 2903 1952 scripturus
2920 1901 2941 1935 .·
2975 1882 3154 1935 erasit
3184 1894 3325 1934 corr.
3366 1894 3440 1930 νη.
3459 1880 3517 1946 p.

954 1965 1001 2019 3.
1025 1979 1075 2018 2.
1113 1976 1328 2019 curaret
1362 1981 1435 2018 ex
1468 1974 1724 2019 curarent
1759 1966 2009 2019 correxit
2048 1981 2122 2017 νη.
2131 1968 2197 2034 p.
2235 1981 2378 2020 corr.
2454 1979 2502 2032 3.
2555 1964 2595 2019 ti
2638 1965 2703 2018 in
2739 1963 2966 2019 habenti
3009 1981 3084 2017 ex
3121 1972 3235 2017 tem
3274 1962 3524 2016 correxit

951 2064 1095 2102 corr.
1121 2064 1194 2101 m.
1203 2052 1269 2117 p.

814 2146 859 2199 F
863 2145 935 2199 ol.
963 2143 1082 2199 160.
1131 2158 1182 2210 4.
1220 2154 1279 2199 ta
1302 2145 1368 2198 in
1391 2154 1682 2199 tacuerunt
1705 2146 1981 2214 superscr.
2007 2161 2149 2198 corr.
2178 2162 2253 2197 m.
2262 2147 2328 2215 p.

815 2242 860 2295 F
863 2241 935 2296 ol.
963 2240 1138 2294 1601).
1196 2254 1274 2293 12.
1312 2238 1528 2295 sciebnt
1554 2257 1627 2293 νη.
1636 2243 1720 2309 p.,
1745 2258 1780 2294 a
1804 2244 2077 2310 superscr.
2103 2258 2247 2296 corr.
2274 2244 2421 2312 νηῷ.
2484 2254 2564 2308 13.
2600 2258 2670 2295 ne
2695 2242 2759 2295 in
2785 2249 3055 2295 uenerunt
3078 2241 3351 2308 superscr.
3376 2252 3519 2291 corr.

957 2326 1098 2393 νηῷ.
1178 2335 1255 2389 17.
1296 2339 1331 2377 o
1354 2325 1419 2377 in
1443 2322 1670 2377 tonitrui
1697 2341 1769 2376 ex
1788 2341 1825 2377 n
1850 2326 2098 2378 correxit
2118 2327 2264 2393 νηῷ.

819 2421 862 2474 F
865 2419 938 2475 ol.
969 2417 1083 2475 161.
1141 2418 1222 2473 18.
1258 2418 1672 2474 brtholomeum
1699 2436 1772 2472 m.
1781 2423 1865 2489 p.,
1890 2436 1925 2474 a
1949 2423 2224 2490 superscr.
2250 2436 2393 2475 corr.
2420 2424 2568 2490 νηῷ.

821 2517 940 2570 Fol.
971 2515 1067 2570 161
1091 2506 1149 2570 b.
1197 2528 1282 2582 27.
1320 2532 1357 2570 u
1381 2517 1446 2568 in
1483 2532 1622 2570 uasa
1658 2517 1722 2569 in
1759 2532 1970 2570 rasura
2005 2527 2026 2571 t
2062 2517 2278 2587 scripta
2312 2524 2397 2570 est
2418 2534 2456 2569 a
2480 2534 2553 2570 m.
2556 2520 2622 2592 p.
2696 2517 2781 2571 28.
2852 2517 3010 2571 Ante
3044 2517 3226 2570 Amffl
3255 2513 3456 2585 posuit
3489 2512 3525 2574 †

959 2616 1031 2652 m.
1053 2614 1103 2653 2.
1177 2613 1261 2668 29.
1286 2608 1507 2654 aeterne
1525 2616 1598 2652 ex
1612 2598 1822 2654 aeterni
1842 2601 2090 2655 correxit
2105 2604 2250 2671 νηῷ.
2265 2616 2408 2655 corr.
2466 2615 2551 2669 30.
2576 2601 2614 2655 b
2633 2602 2697 2654 in
2716 2601 2922 2655 habere
2937 2617 3011 2655 ex
3023 2618 3052 2654 r
3064 2600 3311 2653 correxit
3322 2600 3466 2666 νηῷ.

820 2695 865 2748 F
868 2696 938 2749 ol.
969 2693 1086 2748 162.
1136 2695 1186 2748 4.
1219 2708 1262 2748 1.
1300 2712 1580 2764 congrega
1616 2705 1699 2750 est
1725 2699 2025 2767 purpureo
2060 2696 2242 2751 colore
2278 2715 2315 2749 a
2351 2699 2498 2767 νηῷ.
2524 2699 2797 2766 scriptum
2833 2702 2956 2762 est,·
2992 2705 3049 2750 ta
3072 2698 3345 2765 superscr.
3383 2709 3526 2747 corr.

961 2794 1034 2830 m.
1043 2781 1125 2847 p.,
1163 2784 1480 2832 atramento
1515 2796 1670 2833 usus.
1744 2794 1793 2848 3.
1829 2781 1950 2833 Pro
1987 2778 2273 2835 seminans
2308 2781 2615 2849 scripserat
2651 2780 3038 2834 seminandum
3078 2796 3150 2832 m.
3160 2781 3242 2848 p.,
3279 2775 3437 2847 quod
3463 2777 3528 2831 in

961 2860 1247 2915 seminans
1271 2863 1519 2917 correxit
1539 2864 1659 2932 ipse
1681 2863 1879 2916 scriba.
1957 2874 2003 2931 5.
2041 2863 2161 2916 Pro
2185 2880 2353 2933 super
2376 2865 2499 2918 loca
2521 2866 2826 2933 scripserat
2848 2864 2997 2918 circa
3020 2863 3171 2917 uiam
3197 2865 3361 2931 m.p.,
3379 2859 3538 2930 quod

960 2945 1140 2997 erasit
1160 2960 1302 2997 corr.
1329 2961 1402 2997 νη.
1410 2948 1495 3015 p.,
1521 2950 1690 3014 atque
1715 2962 1882 3015 super
1905 2946 2027 3000 loca
2050 2948 2115 2999 in
2140 2962 2352 3000 rasura
2376 2948 2621 3016 scripsit.

828 3041 949 3095 Fol.
980 3039 1082 3094 162
1100 3040 1154 3094 b.
1205 3053 1256 3107 7.
1294 3040 1483 3109 spinas
1498 3040 1756 3111 exspinis
1780 3044 2027 3096 correxit
2049 3059 2122 3096 m.
2130 3045 2197 3112 p.
2260 3043 2309 3098 8.
2347 3055 2658 3098 crscentem
2677 3047 2839 3114 m.p.,
2858 3061 2891 3098 e
2914 3048 3190 3114 superscr.
3214 3059 3356 3098 corr.
3383 3058 3456 3094 m.
3465 3042 3532 3110 p.

823 3137 943 3190 Fol.
975 3135 1075 3190 163
1092 3135 1149 3190 b.
1206 3151 1284 3205 19.
1322 3135 1404 3191 sie
1428 3153 1502 3190 νη.
1506 3140 1590 3205 p.,
1617 3154 1654 3190 n
1679 3140 1953 3206 superscr.
1979 3154 2122 3191 corr.
2149 3155 2223 3191 νη.
2226 3142 2293 3209 p.

826 3232 945 3286 Fol.
976 3231 1094 3285 165.
1143 3232 1193 3286 5.
1224 3243 1271 3300 5.
1309 3231 1704 3288 imonumentis
1729 3249 1802 3286 m.
1809 3236 1892 3303 p.,
1913 3250 1951 3286 n
1974 3237 2249 3303 superscr.
2268 3251 2411 3289 corr.
2428 3252 2501 3288 νη.
2507 3238 2572 3306 p.
2628 3250 2679 3305 9.
2715 3254 2787 3305 ga
2805 3237 2868 3289 in
2890 3234 3246 3305 interrogauit
3258 3237 3533 3303 superscr.

967 3330 1110 3368 corr.
1136 3331 1209 3369 m.
1222 3318 1289 3385 p.

829 3409 944 3465 Fol.
976 3409 1077 3464 165
1095 3410 1148 3464 b.
1204 3424 1284 3464 11.
1321 3420 1535 3465 mntem
1575 3428 1647 3464 νη.
1656 3415 1739 3481 p.,
1777 3429 1811 3466 o
1846 3415 2123 3481 superscr.
2162 3429 2307 3468 corr.
2346 3430 2419 3466 m.
2425 3417 2491 3482 p.
2573 3428 2652 3480 14.
2689 3413 2961 3483 pascebnt
2998 3416 3165 3484 m.p.,
3191 3429 3226 3466 a
3261 3415 3536 3481 superscr.

965 3510 1107 3548 corr.
1134 3496 1281 3564 νηῷ.
1362 3506 1442 3563 15.
1479 3496 1705 3549 Puncta
1729 3497 1884 3548 inter
1904 3495 2021 3548 ihm
2045 3501 2102 3548 et
2122 3505 2178 3550 et
2205 3512 2243 3547 a
2268 3513 2444 3549 manu
2457 3499 2659 3566 prima
2684 3496 2884 3550 addita
2906 3501 3059 3549 sunt.

828 3589 873 3642 F
876 3589 946 3642 ol.
975 3588 1094 3643 166.
1149 3589 1229 3643 18.
1266 3607 1301 3643 a
1325 3591 1481 3643 inter
1501 3590 1596 3660 qui
1622 3596 1679 3643 et
1702 3589 1965 3645 demonio
1989 3594 2266 3661 superscr.
2293 3608 2436 3645 corr.
2462 3595 2606 3661 νηῷ.
2685 3606 2765 3661 19.
2803 3593 2841 3646 d
2866 3593 2930 3645 in
2956 3591 3056 3646 sed
3090 3593 3154 3644 in
3187 3607 3301 3644 ras.
3325 3591 3539 3660 scripta

965 3677 1064 3738 est,
1087 3671 1190 3726 sed
1206 3690 1243 3725 a
1267 3689 1338 3725 m.
1341 3677 1407 3742 p.
1480 3673 1891 3744 misertusertus
1917 3690 1989 3726 m.
1994 3678 2077 3743 p.,
2103 3673 2407 3728 secundum
2432 3685 2580 3729 ertus
2606 3675 2961 3744 perlineauit
2994 3681 3050 3729 et
3080 3675 3362 3745 expunxit
3392 3690 3537 3729 corr.

968 3772 1041 3808 m.
1046 3759 1111 3825 p.
1184 3770 1270 3810 20.
1308 3756 1458 3827 copit
1483 3773 1555 3809 m.
1562 3761 1646 3828 p.,
1683 3773 1716 3812 e
1752 3761 2027 3827 superscr.
2052 3774 2194 3811 corr.
2234 3775 2307 3810 νη.
2316 3761 2381 3827 p.
2456 3771 2540 3824 24.
2578 3774 2685 3811 con
2715 3759 2779 3811 in
2816 3757 3240 3828 conprimebant
3263 3761 3538 3827 superscr.

967 3855 1111 3893 corr.
1137 3856 1211 3892 m.
1224 3841 1285 3908 p.

836 3932 951 3986 Fol.
982 3933 1082 3987 166
1097 3934 1153 3988 b.
1204 3946 1289 4003 25.
1326 3944 1347 3989 t
1373 3936 1436 3988 in
1460 3945 1579 3990 erat
1625 3936 1689 3989 in
1715 3953 1829 3989 ras.
1853 3937 2068 4005 scripta
2091 3941 2176 3989 est
2196 3954 2235 3989 a
2260 3940 2409 4005 νηῷ.
2482 3950 2567 4003 31.
2606 3945 2626 3990 t
2664 3937 2729 3990 in
2753 3936 2944 3991 dicunt
2967 3955 3041 3990 ex
3060 3953 3092 3991 e
3116 3937 3364 3990 cortex-it
3396 3951 3469 3988 m.
3475 3938 3540 4006 p.

972 4028 1057 4082 32.
1094 4016 1658 4087 circircumspiciebat
1680 4036 1753 4072 m.
1759 4023 1841 4088 p.‚
1861 4020 2122 4088 primum
2147 4019 2230 4073 cir
2241 4020 2598 4088 perlineauit
2618 4025 2674 4073 et
2695 4022 2977 4090 expunxit
2995 4036 3138 4073 corr.
3164 4036 3237 4072 νη.
3239 4023 3306 4090 p.

834 4111 950 4164 1⁷01.
980 4112 1081 4166 167
1098 4114 1152 4167 b.
1200 4111 1288 4180 41.
1326 4113 1365 4168 d
1387 4115 1451 4167 in
1476 4114 1604 4169 dico
1640 4132 1713 4168 ex
1744 4124 1766 4169 t
1803 4116 2050 4170 correxit
2084 4132 2157 4168 m.
2160 4119 2228 4186 p.
2301 4116 2353 4170 6.
2385 4130 2430 4170 1.
2468 4117 2802 4186 sequebatur
2826 4133 2898 4169 m.
2906 4120 2989 4186 p.‚
3015 4134 3052 4170 n
3089 4119 3362 4185 superscr.
3399 4131 3543 4169 corr.

975 4211 1049 4248 νη.
1108 4235 1122 4249 .

839 4287 955 4342 Fol.
985 4199 1104 4345 1681.
1154 4303 1201 4361 5.
1239 4291 1452 4347 infirms
1490 4310 1564 4347 νη.
1571 4298 1654 4363 p.,
1694 4311 1728 4348 o
1764 4296 2036 4363 superscr.
2072 4312 2216 4349 corr.
2255 4312 2329 4350 m.
2331 4301 2397 4366 p.
2505 4313 2523 4326 ·

2951 4405 2985 4444 x
3023 4404 3052 4443 2
