4414 4917
1245 354 1494 416 RELA
1516 358 1747 423 TJON
1773 363 1896 424 off
1917 385 1962 447 q
2002 366 2114 427 To
2134 320 2464 433 *OTHER
2511 375 2836 441 oze-LA
2859 380 3029 443 TJN
3060 382 3242 444 TEX
3252 383 3372 446 TS.
3441 360 3444 365 ’
3546 378 3706 444 xlvii

991 520 1228 584 Selected
1238 527 1509 604 readings
1528 530 1651 588 and
1668 534 1998 612 renderz'ngs
2027 539 2089 597 in
2107 539 2294 600 which
2400 542 2644 604 Selected
2663 550 2929 629 readings
2954 552 3078 611 and
3093 554 3421 630 nnderz‘ngs
3440 553 3502 611 in
3518 547 3704 609 which

1225 623 1257 683 f
1275 644 1318 705 q
1344 626 1515 705 ἅψῃ·
1519 630 1693 708 from
1718 632 1850 693 each
1877 635 2046 694 otker.
2643 646 2672 704 f
2692 665 2734 724 q
2748 667 2849 707 are
2866 653 3074 725 agreed
3093 654 3325 729 against
3345 652 3496 712 other
3511 647 3703 707 Euro-

991 718 1161 780 Mark
1188 722 1245 783 ii.
2631 753 2776 819 pean
2801 753 2967 808 texts.

1036 837 1125 878 ιο.
1165 820 1313 882 filius
1340 822 1600 884 hominis
1627 826 1661 886 b
1686 846 1740 903 q.

1302 919 1339 981 f.
1371 920 1431 980 h.
1458 939 1636 1000 super
1663 934 1879 985 terram
1906 946 1944 986 a
1970 948 1998 986 e
2002 927 2069 1007 s
2085 927 2246 1009 (·ra).

1304 1018 1341 1076 ᾗ
1370 1018 1427 1078 h’
1455 1021 1517 1079 in
1546 1031 1700 1083 tem
1726 1023 1917 1084 dAm‘
2441 1103 2527 1145 11.
2572 1089 2675 1150 tibi
2703 1092 2839 1153 dico
2866 1114 2904 1154 a
2932 1097 3089 1174 dfq
3118 1097 3253 1156 Am.

2715 1209 2820 1251 om.
2848 1193 2881 1252 b
2907 1212 2950 1253 e.

1034 1282 1060 1321 1
1076 1282 1122 1322 2.
1165 1266 1253 1326 ille
1290 1278 1485 1329 autem
1520 1289 1769 1350 surgens
1812 1270 1939 1334 tulit
1982 1278 2285 1337 crabatum

1382 1366 1415 1425 b
1441 1388 1494 1443 q.

1301 1473 1355 1523 et
1381 1464 1476 1525 ille
1505 1467 1820 1543 confestim
1858 1488 2107 1549 surgens
2144 1474 2281 1533 sub-

1378 1562 1494 1623 lato
1522 1568 1791 1643 grabatto
1819 1588 1874 1627 a.

1297 1671 1354 1719 et
1403 1664 1596 1722 statim
1649 1668 1893 1727 surrexit
1940 1678 2000 1729 et
2048 1669 2279 1730 sublato

1373 1778 1462 1837 gr.
1492 1762 1537 1819 d
1533 1763 1601 1841 f
1614 1762 1841 1842 (statim
1868 1765 1991 1844 ille)
2020 1767 2210 1848 (Am.)

1296 1868 1351 1916 et
1382 1877 1626 1937 surgens
1654 1862 1971 1925 adsumens
1999 1885 2084 1944 gr.
2113 1885 2163 1925 e.

1160 1954 1286 2029 quia
1314 1975 1638 2035 numquam
1667 1962 1857 2022 taliter
1884 1964 2100 2025 uidisse
2130 1984 2192 2024 se
2222 1985 2271 2042 q.

1293 2068 1614 2131 numquam
1636 2055 1824 2116 taliter
1844 2059 2060 2119 uidisse
2090 2078 2153 2119 se
2173 2081 2227 2118 a.

1291 2146 1427 2222 quia
1489 2166 1815 2228 numquam
1874 2153 1959 2213 sic
2014 2154 2268 2213 uidimus

1345 2243 1416 2320 f
1428 2245 1562 2304 Am.

1289 2343 1423 2419 quia
1451 2344 1635 2404 taliter
1661 2365 1984 2426 numquam
2007 2351 2121 2410 uid.
2150 2353 2204 2410 d.

1288 2443 1568 2517 quoniam
1629 2445 1710 2505 sic
1772 2464 2097 2526 numquam
2169 2450 2264 2511 tal.

1364 2538 1478 2598 uid.
1506 2560 1549 2600 e.

1285 2639 1567 2715 quoniam
1589 2640 1778 2701 taliter
1799 2662 1921 2704 non
1943 2646 2076 2706 talia
2098 2647 2263 2707 uide-

1363 2749 1498 2798 runt
1524 2741 1572 2798 b.

1023 2846 1110 2903 13.
1150 2836 1426 2909 processit
1453 2839 1497 2896 d
1517 2856 1569 2913 q.

1283 2935 1420 2994 exiit
1445 2955 1483 2995 a
1510 2938 1542 2996 b
1569 2956 1611 2996 e.

1285 3051 1554 3110 egressus
1583 3037 1750 3114 ests
1764 3038 1896 3097 Am.
1936 3078 1941 3082 -

1151 3132 1452 3209 omnisque
1481 3135 1513 3192 b
1541 3153 1577 3210 q
1608 3134 1737 3193 Am.

1290 3242 1348 3290 et
1376 3232 1570 3291 omnis
1597 3252 1635 3292 a
1664 3233 1709 3290 d
1730 3233 1993 3316 (omnes)
2024 3242 2126 3317 es·
2430 3325 2518 3379 14·
2564 3306 2674 3366 leui
2703 3326 2755 3384 q,
2785 3305 3163 3391 leuianm,

2707 3407 2977 3471 iacobum
3005 3434 3043 3473 a
3071 3416 3104 3475 b
3133 3422 3178 3477 d
3196 3443 3238 3487 e,

1029 3506 1118 3563 15.
1158 3494 1558 3559 discumbente
1586 3500 1685 3561 illo
1712 3522 1763 3579 q.

1295 3596 1794 3660 discumbentibus
1822 3603 1907 3661 eis
1935 3624 1973 3661 a
1995 3603 2053 3683 (b
2082 3606 2234 3688 illis).

1298 3696 1771 3756 recumbentibus
1798 3699 1910 3759 illis
1935 3704 1988 3761 d.

1295 3810 1432 3852 cum
1532 3794 1927 3858 discumberet
2003 3803 2073 3880 f
2141 3806 2275 3864 Am.

1378 3888 1689 3971 (accum·).

1300 4005 1438 4048 cum
1471 3993 1874 4053 recumberent
1901 4012 1940 4053 e.

1164 4088 1575 4149 recumbebant
1603 4111 1640 4149 a
1666 4092 1699 4151 b
1726 4092 1771 4149 d
1790 4111 1817 4151 e
1838 4111 1891 4168 q.

1303 4185 1744 4250 discumbebant
1747 4191 1815 4268 f
1828 4191 1962 4254 Am.
