4414 4917
2121 443 2239 509 Ι39

1503 990 2108 1075 EDITORIS
2213 992 2558 1076 NOTU
2578 993 2848 1077 LAE.

829 1252 949 1309 Fol.
978 1253 1025 1310 l.
1066 1254 1292 1310 Initium
1318 1255 1402 1311 5δί
1433 1255 1709 1327 euangelii
1736 1272 1749 1287 ·
1779 1273 1872 1312 sec
1901 1270 1914 1284 ·
1939 1257 2229 1311 matheum
2257 1270 2270 1285 ·
2295 1258 2531 1328 scripsit
2564 1275 2637 1313 m.
2652 1261 2717 1329 p.
2792 1259 2864 1313 In
2900 1260 3020 1313 ima
3042 1261 3270 1330 pagina
3304 1258 3540 1328 scripsit

966 1336 1198 1409 aliquid
1213 1356 1420 1393 manus
1430 1342 1733 1411 posterior,
1759 1342 2050 1411 scriptura
2074 1347 2265 1395 autem
2289 1343 2546 1411 euanuit,
2575 1344 2661 1397 ita
2687 1348 2756 1396 ut
2777 1342 2936 1397 nihil
2953 1342 3075 1414 legi
3086 1342 3287 1413 possit.

828 1432 946 1488 Fol.
975 1432 1026 1488 2.
1062 1435 1137 1488 In
1159 1437 1340 1506 capite
1350 1439 1609 1508 paginae
1628 1438 1907 1508 scriptum
1931 1443 2015 1492 est
2037 1454 2110 1492 m.
2138 1451 2170 1505 3
2210 1436 2351 1493 liber
2384 1436 2490 1492 iste
2528 1448 2613 1493 est
2649 1443 2744 1494 see
2778 1438 2954 1495 marie
2990 1443 3182 1509 sEique
3220 1435 3530 1493 corbiniani

963 1515 1231 1589 frisinge3
1275 1534 1321 1574 1.
1365 1520 1430 1575 16
1466 1539 1541 1591 qu
1579 1532 1774 1576 ocatur
1810 1538 1884 1576 m.
1897 1525 1961 1591 p.
1998 1520 2015 1574 i
2055 1538 2089 1575 o
2125 1523 2403 1591 superscr.
2441 1537 2584 1576 corr.
2614 1540 2688 1577 m.
2703 1525 2769 1593 p.
2866 1536 2945 1589 17.
2986 1525 3062 1577 Et
3099 1524 3174 1577 ad
3214 1521 3419 1577 dauid:
3458 1520 3533 1576 ad

966 1616 1037 1655 m.
1047 1606 1115 1672 p.
1153 1602 1192 1656 d
1228 1620 1266 1656 a
1303 1619 1448 1658 corr.
1485 1606 1665 1660 semi-.
1707 1621 1871 1659 erasa
1912 1609 2009 1658 est.
2114 1605 2178 1659 18
2214 1606 2248 1661 †
2294 1605 2521 1659 addidit
2558 1623 2631 1661 m.
2671 1621 2720 1672 2,
2760 1623 2906 1676 quae
2950 1608 3127 1661 etiam
3168 1608 3233 1660 in
3272 1608 3536 1676 margine

965 1681 1182 1739 initium
1212 1683 1222 1756 Ι
1253 1687 1361 1742 lect
1389 1687 1460 1742 de
1490 1686 1499 1758 Ι
1531 1687 1827 1743 natiuitate
1859 1686 1868 1757 Ι
1901 1687 1998 1743 dni
2025 1694 2093 1743 ut
2113 1688 2297 1743 udtur
2315 1689 2586 1759 scripsit,·
2615 1691 2905 1761 scriptura
2917 1693 3103 1761 paene
3124 1707 3289 1744 erasa
3311 1695 3410 1743 est.

827 1779 946 1833 Fol.
972 1779 1024 1833 2.
1048 1780 1104 1835 b.
1130 1796 1193 1835 21
1215 1784 1352 1852 post
1371 1800 1565 1838 eorum
1590 1783 1817 1839 addidit
1841 1786 1875 1841 †
1901 1801 1973 1839 m.
2002 1799 2051 1853 2,
2077 1785 2236 1855 quod
2237 1786 2419 1856 finem
2445 1784 2869 1856 lectt‘ontsfhrte
2890 1787 3189 1858 significat.

827 1875 948 1929 Fol.
976 1876 1024 1930 3.
1065 1876 1118 1931 2.
1148 1891 1195 1933 1.
1220 1878 1416 1950 Super
1435 1882 1578 1935 Cum
1597 1897 1732 1950 ergo
1756 1881 1987 1951 scripsit
2004 1898 2078 1935 m.
2100 1895 2132 1934 2
2159 1879 2216 1934 in
2238 1880 2329 1935 die
2354 1886 2452 1935 sEo
2471 1882 2724 1951 epefanie
2755 1881 2764 1952 Ι
2796 1882 2961 1938 lectio
2987 1882 3186 1953 prima.
3236 1882 3280 1937 C
3299 1883 3365 1935 in
3385 1883 3530 1936 Cum

963 1958 1158 2014 littera
1204 1963 1474 2033 capitalis
1519 1970 1617 2032 est,
1662 1964 1850 2018 uariis
1896 1964 2173 2019 coloribus
2221 1964 2457 2036 depicta,
2491 1967 2556 2019 in
2603 1983 2719 2035 qua
2760 1969 3037 2037 scriptum
3080 1973 3164 2020 est
3200 1984 3237 2019 a
3279 1983 3353 2020 m.
3378 1970 3445 2036 p.
3473 1965 3530 2019 in

964 2043 1252 2101 natiuitate
1303 2047 1399 2102 dni
1446 2048 1534 2102 ita
1573 2054 1641 2102 ut
1678 2046 1815 2102 haec
1857 2048 2028 2102 uerba
2075 2049 2140 2102 in
2180 2048 2408 2103 litterae
2454 2049 2804 2104 decoratione
2849 2051 3134 2121 implicita
3182 2052 3317 2104 sint.
3390 2050 3533 2103 Post

962 2127 1333 2198 hierosolyma
1371 2131 1436 2184 in
1471 2133 1732 2202 margine
1770 2132 2049 2202 scriptum
2095 2137 2180 2186 est
2227 2135 2441 2187 sietam
2480 2150 2657 2187 manu
2700 2148 2732 2187 2
2771 2139 2841 2188 ut
2874 2134 3069 2202 udtnr,
3106 2134 3212 2189 sed
3237 2135 3526 2204 scriptura

955 2213 1143 2281 paene
1165 2214 1422 2268 euanuit.
1496 2229 1528 2282 3
1554 2214 1864 2285 hierolyma
1888 2217 1974 2270 ita
2005 2214 2136 2270 Cod.

825 2306 941 2361 Fol.
978 2308 1030 2361 4.
1068 2322 1119 2376 9.
1171 2309 1297 2364 setit
1336 2312 1425 2364 ita
1466 2310 1597 2366 Cod.
1628 2315 1745 2382 pro
1785 2311 1947 2367 stetit.
2122 2326 2202 2366 11.
2255 2310 2487 2366 intrntes
2530 2329 2601 2366 m.
2642 2317 2725 2383 p.,
2769 2332 2806 2368 a
2843 2318 3117 2384 superscr.
3166 2329 3310 2368 corr.
3359 2328 3431 2366 m.
3460 2316 3528 2382 p.

969 2405 1051 2460 13.
1102 2392 1261 2447 Ante
1309 2395 1461 2449 Ecce
1502 2396 1752 2466 ponitur
1796 2396 1831 2452 Ἰ·
1880 2411 2056 2448 manu
2100 2409 2132 2448 2
2171 2394 2329 2465 quod
2354 2396 2536 2467 finem
2587 2402 2655 2450 ut
2703 2397 2886 2452 udtur
2928 2396 3182 2452 lectionis
3227 2396 3529 2469 significat.

963 2478 1225 2546 angelus:
1255 2482 1538 2549 punctum
1561 2484 1736 2550 super
1755 2497 1787 2534 e
1805 2481 2060 2550 positum
2083 2497 2112 2532 e
2135 2478 2304 2549 lapsu
2327 2479 2539 2534 calami
2558 2498 2670 2535 esse
2694 2481 2888 2536 utitur.

823 2571 943 2627 Fol.
969 2573 1002 2626 4
1027 2573 1082 2627 b.
1129 2574 1204 2627 In
1228 2575 1410 2644 capite
1421 2578 1561 2648 pag.
1588 2579 1762 2647 super
1786 2577 1985 2646 Usque
2014 2592 2125 2645 quo
2155 2576 2325 2630 dica-
2355 2577 2588 2647 scripsit
2619 2577 2863 2632 seconda
2897 2577 3052 2632 natal
3078 2594 3156 2632 sc.
3192 2594 3267 2633 m.
3294 2591 3344 2643 2,
3383 2593 3530 2646 quae

958 2656 1095 2709 item
1120 2657 1155 2713 Ἰ·
1179 2658 1213 2713 Ἰ·
1224 2660 1363 2728 post
1383 2676 1556 2713 meu·
1578 2666 1635 2714 et
1654 2664 1787 2714 ante
1810 2661 1972 2714 Tunc
1997 2658 2237 2714 addidit.
2317 2671 2397 2729 15.
2435 2660 2550 2730 qud
2577 2677 2648 2716 m.
2665 2664 2730 2730 p.
2758 2677 2793 2714 o
2816 2665 3089 2732 superscr.
3116 2677 3259 2716 corr.
3286 2678 3359 2714 m.
3374 2663 3440 2730 p.

823 2751 939 2806 Fol.
966 2753 1017 2809 5.
1073 2753 1154 2807 18.
1190 2770 1426 2825 prorans
1449 2757 1536 2810 ita
1563 2755 1613 2811 C
1608 2754 1694 2811 od.
1853 2769 1921 2823 23
1953 2756 2097 2810 Post
2121 2755 2396 2810 habitauit
2428 2756 2654 2810 addidit
2674 2758 2708 2813 †
2733 2773 2807 2812 m.
2835 2772 2884 2825 2,
2893 2758 3076 2828 finem
3087 2757 3250 2828 sorte
3273 2756 3529 2811 lectiom‘s

963 2841 1187 2891 notans.

823 2931 938 2987 Fol.
967 2933 1002 2987 5
1026 2933 1080 2987 b.
1108 2933 1158 2987 3.
1190 2947 1235 2987 1.
1284 2934 1369 2989 ilis
1395 2951 1469 2988 m.
1482 2937 1567 3005 p.,
1591 2936 1611 2989 l
1634 2937 1910 3005 superscr.
1933 2951 2079 2991 corr.
2108 2952 2178 2989 m.
2198 2938 2264 3006 p.

822 3028 937 3084 Fol.
977 3028 1030 3082 6.
1083 3040 1110 3098 5
1136 3040 1193 3084 et
1216 3029 1303 3085 nis
1328 3047 1401 3085 m.
1416 3035 1500 3102 p.,
1528 3046 1623 3086 om
1646 3035 1920 3102 superscr.
1946 3049 2091 3087 corr.
2119 3049 2192 3087 m.
2205 3036 2273 3102 p.
2365 3045 2413 3098 7.
2437 3017 2471 3086 ‘e
2496 3034 2561 3086 in
2595 3032 2881 3089 uenientes
2909 3033 3062 3104 (ante
3094 3033 3136 3102 t)
3167 3035 3451 3106 expunxit
3474 3038 3532 3088 et

946 3112 1306 3183 perlineauit
1326 3131 1469 3170 corr.
1495 3132 1568 3170 m.
1580 3118 1645 3186 p.

821 3208 940 3264 Fol.
964 3208 1000 3262 6
1024 3210 1079 3264 b.
1127 3210 1249 3280 lege
1273 3209 1329 3265 in
1354 3210 1759 3282 apparitionem
1796 3212 1894 3267 dni
1932 3230 1970 3266 a
2005 3229 2078 3266 m.
2092 3215 2156 3283 p.
2186 3212 2374 3266 uariis
2397 3211 2674 3267 coloribus
2700 3215 2977 3284 scriptum
3010 3220 3106 3268 est.
3203 3228 3284 3280 14.
3321 3224 3381 3269 tu
3404 3214 3526 3270 enis

959 3294 1047 3347 ita
1077 3292 1205 3348 Cod.
1345 3296 1489 3350 Post
1508 3314 1558 3351 v.
1592 3308 1674 3366 15.
1699 3296 1898 3350 amisit
1924 3296 2112 3350 Codex
2113 3295 2275 3367 solia
2300 3303 2368 3351 ut
2389 3295 2571 3351 udtur
2590 3295 2720 3351 duo.

822 3389 940 3444 Fol.
968 3389 1018 3442 7.
1046 3391 1093 3444 5.
1128 3403 1174 3444 1.
1224 3390 1259 3446 Ἰ·
1290 3397 1424 3445 ante
1452 3402 1807 3448 accesserunt
1841 3391 2068 3447 addidit
2099 3409 2173 3445 m.
2201 3407 2233 3446 2
2249 3393 2434 3463 finem
2453 3393 2615 3463 sorte
2651 3392 2903 3448 lectionis
2926 3400 3132 3448 notans
3165 3395 3329 3447 cuius
3351 3394 3532 3463 prior

946 3477 1096 3543 pars
1117 3472 1280 3529 deest.

821 3569 938 3626 Fol.
966 3569 1001 3622 7
1023 3569 1079 3623 b.
1105 3583 1164 3637 9.
1206 3569 1243 3623 fi
1270 3570 1329 3625 d1
1353 3586 1428 3625 m.
1444 3573 1527 3641 p.,
1552 3570 1588 3626 li
1614 3574 1889 3642 superscr.
1915 3589 2057 3627 corr.
2085 3589 2158 3626 m.
2173 3576 2240 3642 p.
2336 3586 2413 3626 12.
2452 3577 2863 3644 qiimercestra:
2902 3574 2990 3626 ita
3026 3573 3221 3640 Codex,
3247 3575 3362 3642 pro
3387 3576 3520 3643 qfim

958 3669 1173 3708 merces
1197 3663 1399 3708 uestra.

821 3748 941 3803 Fol.
968 3747 1020 3802 8.
1073 3749 1137 3803 18
1163 3748 1434 3805 transibia
1459 3767 1533 3805 m.
1549 3755 1632 3821 p.,
1659 3761 1680 3806 t
1703 3755 1980 3822 superscr.
2005 3769 2145 3806 corr.
2174 3768 2245 3805 m.
2261 3754 2327 3821 p.

818 3846 940 3900 Fol.
982 3843 1017 3898 8
1055 3846 1108 3899 b.
1161 3860 1247 3900 20.
1296 3846 1666 3903 nontrabitis:
1723 3848 1810 3902 ita
1860 3848 2058 3915 Codex,
2097 3851 2214 3918 pro
2261 3863 2374 3901 non
2423 3846 2575 3902 intr-.
2662 3865 2860 3917 rgnum
2913 3864 2983 3902 m.
3024 3851 3109 3918 p.,
3167 3864 3199 3902 e
3247 3850 3523 3916 superscr.

1018 3944 1101 3983 rr.
1138 3945 1212 3982 m.
1290 3969 1303 3983 .

957 3945 1043 4078 Z.
1083 4004 1208 4067 mus
1240 3932 1288 3999 p
1286 4015 1373 4067 ita
1403 4014 1530 4069 Cod.
1672 4015 1815 4068 Post
1837 4032 1889 4069 v.
1916 4026 1982 4084 25
2009 4017 2318 4085 perierunt
2337 4031 2411 4069 ex
2436 4013 2629 4069 Codice
2635 4013 2793 4086 folia
2818 4019 2885 4068 ut
2907 4014 3087 4068 udtur
3109 4014 3236 4067 duo.

819 4096 938 4150 Fol.
967 4095 1050 4149 13.
1099 4095 1151 4150 6.
1179 4108 1227 4165 5.
1255 4107 1376 4152 scut
1412 4114 1485 4152 m.
1500 4101 1584 4168 p.,
1625 4097 1640 4151 i
1677 4102 1950 4168 superscr.
1990 4115 2134 4155 corr.
2179 4116 2253 4153 m.
2284 4102 2350 4170 p.
2437 4099 2511 4153 In
2553 4100 2734 4169 capite
2761 4100 3018 4169 paginae
3050 4098 3280 4167 scripsit
3311 4096 3526 4151 calami

954 4180 1399 4249 ezpmmentum
1435 4198 1609 4253 agens
1650 4197 1724 4235 m.
1768 4199 1794 4233 2
1842 4192 1898 4237 et
1942 4200 2103 4237 erren
2146 4199 2203 4237 ss
2241 4183 2413 4238 freter
2451 4183 2574 4238 hec.
2650 4198 2701 4252 9.
2737 4193 2929 4240 noster
2961 4182 3290 4254 duplicauit
3321 4181 3521 4251 scriba,

955 4263 1183 4317 incuria
1189 4281 1225 4330 ,·
1256 4267 1543 4335 expunxit
1562 4266 1987 4336 etperlineauit
2006 4284 2114 4321 sua
2140 4284 2335 4322 manu.

2116 4382 2218 4422 'r2
