4414 4917
489 503 731 557 1r01.88t

793 313 877 393 76

1546 498 1603 549 et
1632 488 1926 549 benedixit
1956 488 2056 548 (1ῆί
2084 498 2143 547 et

1546 585 1688 642 dixit
1718 615 1732 630 ·
1777 582 1819 617 ²·
1838 585 1929 642 Ex
1961 601 2115 643 nunc
2144 583 2203 642 di

1544 680 1722 736 mittis
1752 695 1984 752 seruum
2012 684 2114 737 tufi

1544 772 1658 832 dfie
1689 773 2012 832 secundum

1541 869 1788 927 uerbum
1817 877 1981 925 tuum
2011 867 2073 925 in

1542 980 1688 1039 pace
1745 962 1790 993 ⁸⁰
1808 963 1944 1039 quia
1959 961 2227 1019 uiderunt

1541 1056 1693 1115 oculi
1722 1056 1838 1113 mei
1868 1056 2114 1113 salutare

1542 1159 1707 1208 tuum
1770 1149 1813 1181 ³¹
1832 1149 1992 1226 quod
2020 1166 2189 1225 paras

1543 1245 1585 1302 ti
1615 1254 1748 1302 ante
1780 1242 1992 1302 faciem
2021 1261 2121 1302 om

1543 1339 1706 1395 nium
1734 1338 2023 1414 populoru
2049 1367 2062 1383 ·

1542 1428 1797 1489 ⁸²lumen
1829 1431 1903 1488 ad
1932 1430 2162 1489 reuelati

1545 1543 1721 1583 onem
1752 1526 2017 1600 gentium
2041 1555 2055 1570 ·
2106 1524 2183 1583 Et

1544 1619 1791 1695 gloriam
1820 1618 2006 1695 plebis
2034 1628 2164 1677 tuae

1546 1713 1618 1771 isl
1640 1743 1654 1758 ·
1698 1712 1834 1771 ”Et
1865 1722 1988 1771 erat
2019 1713 2183 1789 iosep

1545 1815 1603 1865 et
1632 1817 1815 1865 mater
1849 1807 1972 1865 eius
2001 1807 2082 1864 mi

1545 1911 1738 1959 rantes
1769 1918 1943 1977 super
1965 1901 2053 1959 his

1545 2012 1693 2071 quae
1718 1994 2059 2053 dicebantur
2088 1994 2162 2053 de

1546 2089 1642 2146 illo
1662 2119 1676 2134 ·
1720 2087 1763 2121 ⁸⁴
1782 2097 1837 2146 et
1867 2089 2162 2147 benedixit

1543 2201 1646 2240 eos
1675 2199 1922 2256 symeon
1945 2215 1959 2230 ·
2020 2193 2078 2242 et
2104 2183 2203 2241 dix

1543 2277 1612 2333 sit
1642 2276 1715 2334 ad
1745 2277 1985 2334 mariam
2014 2295 2112 2336 ma

791 511 969 572 quam
999 492 1058 550 in
1086 501 1253 550 utero
1282 508 1397 550 con

793 589 1082 664 ciperetur
1101 617 1115 632 ·
1161 583 1205 617 ’Β
1223 587 1299 644 Et
1328 593 1466 661 post

792 700 969 759 quam
999 678 1219 756 impleti
1247 689 1383 738 sunt

790 775 914 834 dies
947 774 1308 852 purgationis

791 886 995 927 eorum
1026 868 1340 927 secundu·‘

788 961 980 1039 legem
1009 961 1197 1039 moysi
1219 991 1233 1006 ·
1283 959 1399 1018 tule

787 1066 919 1115 runt
948 1054 1040 1103 illu
1068 1056 1128 1113 in
1156 1053 1437 1114 hierusale
1474 1085 1485 1099 ·

784 1160 850 1209 ut
879 1168 1013 1208 eum
1045 1150 1312 1208 sisterent

787 1245 909 1303 (1ῆο
934 1274 949 1289 ·
991 1240 1036 1275 ¹³
1055 1244 1202 1302 sicut
1230 1243 1383 1319 scrip

788 1349 914 1396 tum
943 1347 1031 1395 est
1059 1337 1119 1394 in
1148 1337 1277 1413 lege
1307 1336 1405 1394 (1ῆί
1426 1367 1441 1382 ·

791 1430 947 1503 Quia
975 1449 1155 1489 omne
1189 1448 1394 1489 mascu

789 1526 911 1584 lum
941 1524 1287 1601 adaperiens

788 1619 1025 1677 uuluam
1056 1624 1180 1677 scm
1211 1619 1331 1677 dfio

787 1714 1094 1772 uocabitur
1115 1745 1129 1759 ·
1173 1713 1216 1746 ²⁴
1235 1713 1312 1771 Et
1338 1722 1404 1772 ut

789 1806 995 1867 darent
1027 1809 1236 1866 ostiam
1268 1825 1331 1865 se

790 1901 1047 1961 cundum
1078 1901 1238 1978 quod
1269 1900 1361 1960 dic

789 2005 915 2055 tum
945 2005 1033 2054 est
1060 1995 1122 2053 in
1151 1995 1282 2071 lege
1312 1995 1414 2053 (1ῆί
1434 2026 1448 2041 ·

788 2088 1185 2148 Parturturum
1210 2121 1223 2135 ·
1284 2098 1383 2148 aut

791 2184 941 2243 duos
971 2184 1162 2260 pullos
1192 2183 1327 2242 coln

781 2275 955 2337 binos
976 2309 990 2324 ·
1035 2276 1081 2310 ¹⁸
1099 2277 1176 2337 Et
1206 2294 1346 2337 ecce

783 2420 907 2470 erat
935 2408 1117 2468 homo
1147 2410 1206 2467 in
1234 2408 1398 2468 hieru

784 2504 970 2563 salem
1001 2504 1095 2561 cui
1122 2521 1345 2561 nornen

787 2616 1035 2674 symeon
1058 2628 1072 2643 ·
1116 2607 1174 2656 et
1204 2597 1385 2656 homo

786 2692 891 2750 iste
922 2693 1106 2750 iustus
1134 2702 1191 2750 et
1221 2692 1364 2750 timo

786 2795 944 2844 ratus
1027 2795 1344 2860 expectans

790 2878 1256 2938 consolationem
1286 2878 1356 2935 isl
1373 2908 1387 2923 ·

790 2982 848 3032 et
877 2977 977 3047 sps
1007 2979 1100 3029 scs
1129 2981 1250 3029 erat
1273 2972 1331 3028 in
1362 2972 1489 3047 ipso
1542 2979 1633 3028 tur
1703 2970 1748 3003 ⁸⁸
1769 2980 1825 3030 et
1855 2981 2013 3029 tuam
2043 2973 2222 3048 ipsius

789 3065 834 3100 ¹⁸
852 3065 1230 3141 Responsum
1259 3075 1452 3123 autem
1543 3064 1800 3122 animam
1830 3067 2112 3141 pertransi

788 3159 1080 3235 acciperat
1108 3177 1143 3216 a
1171 3163 1281 3234 spu
1312 3166 1413 3218 sco
1433 3190 1447 3205 ·
1542 3167 1599 3216 et
1627 3157 1851 3234 gladius
1876 3190 1889 3204 ·
1952 3169 2014 3217 ut
2044 3177 2102 3217 re

788 3271 913 3312 non
941 3253 1204 3312 uisurum
1234 3257 1298 3311 se
1328 3270 1458 3311 mor
1540 3251 1760 3310 ueletur
1788 3251 2036 3310 multoru

790 3357 913 3407 tem
942 3378 957 3392 ·
1030 3347 1139 3405 nisi
1171 3347 1329 3423 prius
1357 3347 1490 3428 uide
1541 3345 1807 3405 cordium
1836 3348 2110 3422 cogitatio

789 3452 873 3501 ret
896 3447 1039 3518 xpm
1067 3441 1168 3499 diii
1192 3472 1205 3488 ·
1250 3442 1293 3475 ²⁷
1312 3441 1388 3499 Et
1416 3459 1490 3500 ue
1544 3458 1649 3497 nes
1672 3471 1683 3486 ·
1708 3472 1720 3486 ·
1746 3473 1757 3486 ·
1791 3440 1919 3501 ³⁶Et
1940 3451 2059 3500 erat
2078 3460 2233 3500 anna

788 3537 875 3595 nit
905 3538 964 3595 in
995 3541 1105 3612 spu
1135 3537 1194 3594 in
1224 3536 1444 3611 templu
1543 3533 1849 3611 profetissa
1879 3536 1992 3594 filia
2022 3536 2080 3595 fa

786 3628 863 3688 Et
893 3648 1029 3690 cum
1059 3631 1396 3688 inducerent
1545 3630 1678 3687 nuel
1709 3630 1780 3688 de
1805 3630 1958 3688 tribu
1990 3663 2002 3676 ·
2035 3647 2162 3690 aser
2184 3663 2198 3678 ·

785 3741 1033 3802 puerum
1063 3724 1182 3782 ihm
1213 3742 1395 3800 paren
1546 3721 1715 3782 Haec
1745 3735 2107 3800 processarat

786 3827 875 3877 tes
905 3819 1030 3876 eius
1099 3828 1162 3877 ut
1190 3817 1447 3876 facerent
1547 3818 1607 3875 in
1637 3818 1841 3877 diebus
1869 3820 2064 3879 multis
2086 3850 2101 3867 ·

788 3912 1111 3972 secundum
1134 3930 1353 3971 consue
1547 3921 1605 3969 et
1632 3912 1857 3972 uixerat
1885 3932 2020 3972 cum
2048 3915 2175 3975 uiro

787 4006 1048 4064 tudinem
1070 4005 1215 4081 legis
1245 4024 1354 4082 pro
1382 4025 1455 4065 eo
1476 4038 1490 4053 ·
1546 4023 1653 4064 suo
1683 4024 1873 4064 annos
1902 4014 2065 4085 septe

785 4097 828 4133 ¹⁸
847 4099 921 4157 Et
951 4101 1074 4176 ipse
1102 4100 1327 4177 accepit
1354 4119 1489 4159 eum
1544 4117 1578 4156 a
1605 4100 1930 4176 uirginitate
1962 4121 2065 4161 sua
2088 4133 2101 4149 ·

788 4194 849 4251 in
878 4212 1086 4253 manus
1116 4212 1249 4254 suas
1274 4226 1287 4241 ·
1306 4229 1386 4237 -
1537 4193 2244 4257 ⁸⁷Ethaecuiduaannorfi

1540 2417 1688 2466 trem
1717 2406 1841 2466 eius
1867 2441 1878 2454 ·
1908 2439 1919 2453 ·
1966 2426 2104 2468 ecce
2135 2428 2215 2486 po

1542 2502 1682 2560 situs
1712 2511 1798 2561 est
1827 2502 1921 2561 hic
1953 2503 2011 2559 in
2041 2504 2125 2561 rui

1542 2614 1681 2654 nam
1710 2605 1766 2655 et
1795 2598 2099 2656 resurrecti

1541 2707 1719 2748 onem
1750 2691 2062 2749 multorum

1541 2784 1603 2841 in
1634 2784 1704 2842 isi
1726 2815 1740 2830 ·
1800 2784 1877 2842 Et
1908 2786 2142 2860 signum

1542 2877 1700 2954 quod
1728 2879 2059 2937 contradice

2159 310 2398 376 SECD
2423 344 2436 360 ·

2349 489 2609 549 octuinta
2637 496 2839 567 quattu

2349 601 2418 642 or
2442 615 2457 629 ·
2521 601 2670 660 quae
2700 601 2824 641 non
2853 581 3013 641 disce

2350 675 2523 735 debat
2552 676 2624 736 de
2646 676 2867 753 templo

2350 771 2555 830 ieiunis
2585 779 2641 829 et
2669 771 2854 829 oratio

2350 867 2521 923 nibus
2550 865 2807 924 seruiens

2350 969 2522 1018 nocte
2546 978 2614 1017 ac
2634 959 2727 1017 die
2748 990 2762 1005 ·
2791 958 2920 1016 ”Et
2942 956 3052 1017 hec

2349 1053 2475 1130 ipsa
2503 1054 2648 1112 hora
2676 1063 2834 1112 stans
2854 1084 2868 1098 ·

2349 1148 2733 1208 confitebatur
2760 1146 2881 1206 dfio
2902 1177 2915 1193 ·

2348 1250 2405 1300 et
2432 1240 2776 1318 loquebatur
2798 1240 2871 1300 de

2349 1336 2446 1394 illo
2482 1336 2755 1395 omnibus
2785 1334 2886 1412 qui

2348 1431 2767 1506 exspectabant
2794 1447 2857 1488 re

2349 1524 2705 1583 demtionem
2736 1523 2900 1582 hieru

2351 1619 2532 1676 salem
2558 1648 2571 1664 ·
2616 1618 2658 1651 ⁸⁹
2677 1618 2754 1676 Et
2774 1628 2836 1675 ut
2866 1636 2970 1695 per

2347 1712 2500 1771 fecta
2529 1722 2661 1771 sunt
2688 1713 2888 1772 omnia

2351 1790 2672 1865 secundum
2693 1805 2885 1883 legem

2350 1900 2449 1957 diii
2470 1931 2483 1945 ·
2560 1899 2802 1958 Reuersi
2834 1910 2967 1958 sunt

2349 1994 2409 2052 in
2438 1993 2706 2069 galileam
2734 1995 2793 2051 in
2824 1995 2939 2053 ciui

2346 2097 2523 2146 tatem
2553 2105 2718 2145 suam
2739 2106 2886 2147 naza

2347 2182 2474 2240 reth
2499 2213 2512 2227 ·
2539 2213 2553 2228 ·
2596 2181 2642 2213 ⁴⁰
2659 2182 2809 2241 Puer
2836 2187 2966 2241 aute

2348 2277 2648 2335 crescebat
2675 2285 2731 2335 et
2747 2295 2864 2336 con

2349 2405 2668 2467 sortabatur
2698 2412 2807 2484 spu
2831 2439 2845 2454 ·

2349 2512 2406 2562 et
2436 2503 2783 2580 implebatur
2811 2503 2938 2580 sapi

2347 2598 2505 2655 entia
2573 2606 2631 2655 et
2658 2598 2841 2673 gratia
2870 2597 2928 2655 di

2347 2700 2468 2750 erat
2496 2708 2631 2750 cum
2662 2692 2758 2749 illo
2784 2722 2798 2737 ·
2842 2690 2885 2723 ⁴¹
2904 2692 2982 2751 Et
3010 2692 3028 2749 i

2348 2786 2488 2843 bant
2510 2797 2778 2861 parentes
2801 2786 2926 2844 eius

2350 2898 2452 2956 per
2480 2897 2689 2938 omnes
2720 2898 2910 2939 annos

2348 2973 2405 3030 in
2438 2973 2782 3032 hierusalem
2824 2975 2886 3031 in

2348 3067 2471 3125 dies
2501 3064 2800 3126 sollemnis
2832 3068 3049 3144 pasche

2347 3159 2391 3192 ⁴²
2409 3161 2484 3220 Et
2512 3181 2648 3220 cum
2676 3162 2812 3220 facti
2841 3172 3032 3221 essent

2347 3256 2424 3314 illi
2453 3257 2592 3314 anni
2621 3256 2932 3315 duodedici
2950 3286 2964 3302 ·

2347 3350 2798 3408 ascendentibus
2827 3351 2937 3410 illis

2347 3444 2407 3501 in
2436 3443 2822 3521 hierosolyma
2844 3476 2858 3491 ·

2349 3538 2671 3596 secundum
2702 3556 2921 3599 consue

2349 3633 2610 3691 tudinem
2640 3633 2753 3692 diei
2782 3633 2910 3692 festi
2933 3664 2946 3680 ·

2348 3727 2392 3759 ‘³
2411 3726 2903 3806 Consfimatisque
2923 3730 3017 3788 die

2350 3822 2766 3881 cumredirent·
2786 3841 2848 3882 re
2914 3820 3051 3905 [bus

2350 3917 2562 3973 mansit
2592 3916 2679 3974 ihs
2707 3934 2853 3994 puer
2881 3917 2941 3975 in

2351 4009 2698 4068 hierusalem
2721 4041 2736 4058 ·
2802 4011 2879 4069 Et
2907 4030 3030 4071 non

2352 4105 2594 4180 agnouit
2622 4105 2824 4182 ioseph
2853 4116 2912 4164 et

2352 4208 2535 4257 mater
2550 4199 2700 4259 eius·
2723 4200 3053 4259 “Existima

2912 4295 3053 4353 bant

3508 328 3809 393 [11.ar-51.

3101 486 3264 546 illum
3292 503 3419 545 esse
3449 485 3511 543 in
3540 485 3696 545 comi

3100 592 3222 640 tatu
3289 590 3576 639 uenerunt
3604 580 3623 637 i

3101 685 3190 735 ter
3222 676 3336 734 diei
3363 684 3421 734 et
3449 674 3674 752 require

3103 771 3246 829 bant
3273 788 3406 829 eum
3439 770 3588 827 inter
3616 786 3735 845 cog

3103 873 3272 923 natos
3301 873 3356 922 et
3386 872 3560 922 notos
3616 860 3662 894 ⁴⁶
3684 871 3743 921 et

3102 977 3225 1018 non
3255 958 3618 1016 inuenientes

3102 1070 3237 1113 eum
3307 1052 3551 1127 regressi
3584 1058 3720 1109 sunt

3100 1147 3160 1204 in
3189 1145 3533 1205 hierusalem
3561 1162 3623 1203 re

3102 1241 3396 1319 quirentes
3424 1257 3560 1298 eum

3101 1335 3143 1367 ⁴⁶
3163 1334 3240 1393 Et
3269 1335 3486 1393 factum
3514 1343 3600 1393 est
3627 1342 3762 1410 post

3096 1429 3351 1487 triduum
3372 1460 3386 1474 ·
3447 1428 3659 1487 inuene

3100 1534 3233 1582 runt
3263 1523 3423 1581 illum
3451 1523 3513 1581 in
3541 1532 3662 1581 tem

3100 1617 3203 1695 plo
3274 1617 3575 1675 sedentem
3602 1617 3664 1675 in

3101 1711 3296 1771 medio
3326 1711 3634 1770 doctorum
3655 1739 3670 1756 ·

3102 1805 3432 1864 audientem
3463 1805 3591 1863 illos

3101 1910 3159 1959 et
3186 1901 3580 1975 interrogante

3101 1993 3230 2053 illos
3254 2025 3268 2040 ·
3312 1994 3358 2027 ⁴⁷
3379 1993 3705 2070 Stupebant

3100 2097 3293 2147 autem
3322 2105 3532 2147 omnes
3559 2087 3662 2165 qui

3102 2199 3237 2240 eum
3267 2181 3582 2240 audiebant

3102 2293 3275 2353 super
3300 2275 3627 2352 prudetiam

3102 2416 3159 2468 et
3187 2408 3482 2484 responsis
3510 2407 3633 2466 eius
3658 2438 3672 2453 ·

3103 2503 3147 2536 ⁴⁸
3164 2502 3240 2560 Et
3266 2501 3417 2560 uisio
3446 2502 3544 2560 illo
3575 2518 3805 2578 expaue

3104 2605 3235 2654 runt
3259 2627 3273 2642 ·
3337 2596 3414 2653 Et
3443 2596 3589 2654 dixit
3616 2612 3715 2655 ma

3104 2700 3188 2750 ter
3217 2691 3340 2750 eius
3370 2690 3443 2748 ad
3474 2690 3632 2748 illum

3103 2784 3184 2843 fili
3212 2785 3351 2862 quid
3379 2784 3566 2843 fecisti
3609 2801 3691 2843 no

3102 2880 3193 2938 bis
3223 2881 3304 2937 sic
3330 2910 3344 2925 ·
3389 2897 3529 2938 ecce
3556 2887 3722 2956 pater

3103 2984 3234 3033 tuus
3262 2983 3319 3032 et
3348 2992 3461 3050 ego
3490 2973 3666 3033 dolen

3103 3079 3189 3126 tes
3218 3078 3274 3126 et
3303 3069 3491 3127 tristes
3527 3086 3640 3146 que

3101 3163 3373 3237 rebamus
3402 3174 3457 3221 te
3496 3163 3542 3196 ⁴⁹
3559 3162 3635 3221 Et
3663 3162 3744 3221 ait

3103 3258 3178 3315 ad
3206 3258 3335 3316 illos
3365 3257 3506 3335 quid
3534 3268 3622 3316 est

3101 3352 3263 3428 quod
3291 3370 3384 3410 me
3414 3353 3669 3428 quereba

3102 3447 3174 3504 tis
3197 3477 3211 3492 ·
3279 3445 3532 3504 Nescitis
3561 3445 3723 3523 quod

3102 3540 3163 3597 in
3191 3540 3369 3616 patris
3399 3541 3513 3598 mei
3540 3548 3682 3618 op0r

3104 3644 3183 3692 tet
3212 3652 3309 3693 me
3338 3652 3467 3693 esse
3488 3666 3502 3681 ·
3545 3634 3593 3667 ⁶⁰
3609 3645 3667 3694 et
3695 3633 3808 3712 ipsi

3105 3747 3228 3788 non
3258 3729 3662 3789 intellexerunt

3104 3824 3349 3881 uerbum
3421 3824 3578 3900 quod
3614 3824 3674 3884 lo

3106 3926 3275 3975 cutus
3303 3927 3390 3976 est
3420 3918 3494 3976 ad
3523 3918 3655 3978 illos

3105 4010 3148 4043 ⁶¹
3168 4011 3245 4070 Et
3272 4011 3571 4071 descendit
3593 4030 3728 4072 cum
3756 4010 3802 4072 il

3103 4106 3174 4165 lis
3203 4117 3261 4165 et
3290 4108 3448 4164 uenit
3478 4108 3537 4164 in
3566 4125 3644 4168 na

3106 4199 3299 4260 zareth
3329 4211 3386 4260 et
3413 4211 3533 4260 erat

3831 500 4075 553 1u0L.ont
