4414 4917
628 344 917 413 xxx-353
1898 335 2120 397 ῙΟΗΑ
2133 323 2371 398 NNE'·
3549 339 3636 423 55·

291 506 433 556 1¹01·
455 507 587 560 220.
625 517 741 567 set·
797 507 998 586 expuit
1025 508 1087 565 in
1116 517 1266 565 terra
1370 506 1677 565 sabbatum
1707 537 1721 553 ·
1752 524 1912 583 quan
2175 516 2444 584 parentes
2470 508 2595 567 eius
2622 518 2679 567 et
2929 507 3135 568 oculos
3163 518 3296 569 tuos
3316 540 3331 557 ·
3394 507 3548 571 ”res
3655 529 3778 579 ποι,
3801 530 3927 580 280.

621 614 677 662 et
704 603 839 662 fecit
866 602 1051 667 lutum
1079 619 1151 660 ex
1181 617 1293 677 spu
1369 598 1449 658 do
1480 599 1661 657 lutum
1692 600 1903 660 fecerat
2173 601 2476 660 dixerunt·
2537 603 2755 662 scimus
2927 603 3136 679 pondit
3163 605 3248 663 eis
3279 605 3399 664 dixi
3427 622 3508 667 uo

622 707 682 756 to
704 729 719 743 ·
782 707 839 756 et
869 696 1210 773 superunxit
1369 693 1459 751 ihs
1486 704 1544 753 et
1573 695 1797 770 aperuit
1826 713 1941 754 ocu
2171 695 2310 772 quia
2340 695 2435 755 hic
2463 706 2551 755 est
2580 696 2731 754 filius
2927 696 3017 754 bis
3045 697 3162 756 iam
3189 708 3248 757 et
3281 716 3406 758 non
3434 698 3601 761 audis

622 810 755 851 cum
785 790 909 852 luto
938 808 1113 867 super
1142 808 1181 848 0
1368 787 1458 846 los
1485 788 1607 846 eius
1626 819 1640 835 ·
1701 787 1919 847 ¹⁸1terii
2171 800 2370 848 noster
2450 799 2508 847 et
2536 791 2674 867 quia
2927 791 3000 849 tis
3023 822 3038 836 ·
3099 792 3243 869 quid
3271 793 3480 853 iterum

621 886 784 946 culos
810 887 934 945 eius
989 886 1011 918 ⁷
1028 895 1087 944 et
1116 884 1261 943 dixit
1367 881 1806 959 interrogabant
1833 888 1907 941 εὖ
2170 900 2382 941 caecus
2411 892 2582 942 natus
2610 893 2699 942 est
2717 915 2734 930 ·
2925 883 3099 943 uultis
3128 886 3326 946 audire
3345 918 3361 934 ·

620 979 672 1037 ei
725 979 876 1038 uade
905 979 1038 1038 laua
1067 978 1128 1037 in
1158 997 1236 1037 na
1367 974 1607 1034 farisisei
1636 993 1861 1053 quomo
2168 973 2213 1007 ¹¹
2232 976 2535 1053 quomodo
2565 988 2761 1037 autem
2924 979 3209 1055 numquid
3237 989 3295 1038 et
3322 998 3432 1040 uos
3461 982 3564 1041 uul

619 1074 822 1134 tatorio
850 1073 1028 1132 siluae
1369 1068 1447 1128 do
1475 1069 1670 1128 uidisti
1740 1070 1832 1128 ille
1862 1088 1938 1128 au
2171 1088 2329 1129 nunc
2359 1070 2519 1129 uidet
2547 1072 2710 1131 nesci
2924 1072 2996 1130 tis
3026 1072 3293 1150 discipuli
3324 1076 3448 1134 eius
3477 1076 3519 1135 fi

618 1167 776 1244 quod
803 1167 1116 1243 interpreta
1366 1172 1485 1221 tem
1513 1163 1660 1222 dixit
1688 1174 1745 1222 et
1772 1163 1880 1221 illis
1901 1195 1915 1210 ·
2170 1181 2302 1222 mus
2383 1175 2484 1223 aut
2510 1165 2643 1241 quis
2671 1184 2784 1243 ape
2924 1166 3007 1224 eri
3030 1196 3045 1212 ·
3101 1163 3145 1199 ’Β
3164 1167 3461 1229 Maledixe

618 1269 704 1318 tur
732 1260 943 1318 missus
1010 1270 1069 1318 et
1096 1258 1193 1318 abi
1365 1256 1550 1316 lutum
1579 1258 1774 1333 posuit
1801 1258 1945 1317 mihi
2168 1258 2282 1316 ruit
2310 1258 2518 1317 oculos
2546 1260 2672 1318 eius
2923 1269 3058 1318 runt
3085 1259 3248 1320 illum
3278 1261 3450 1322 dicen

617 1352 658 1411 it
722 1364 780 1412 et
807 1352 948 1413 lauit
1014 1363 1073 1412 et
1100 1350 1261 1412 uenit
1366 1368 1539 1428 super
1565 1351 1768 1411 oculos
1849 1361 1907 1411 et
1993 1344 2001 1354 ’
2169 1368 2282 1411 nos
2311 1353 2604 1411 nescimus
2633 1383 2648 1400 ·
2714 1353 2775 1431 ip
2923 1363 3012 1413 tes
3094 1364 3158 1414 tu
3186 1373 3249 1414 es
3279 1356 3507 1434 discipu

619 1447 819 1507 uidens
843 1478 858 1494 ·
920 1447 941 1479 ⁸
958 1444 1155 1505 Uicini
1365 1444 1481 1503 laui
1508 1456 1566 1505 et
1593 1464 1732 1505 ecce
1761 1446 1934 1505 uideo
2169 1463 2232 1503 se
2261 1456 2510 1505 aetatem
2538 1446 2714 1506 habet
2922 1447 3013 1506 lus
3041 1448 3192 1508 illius
3276 1468 3388 1509 nos
3416 1456 3551 1511 aute

618 1560 754 1618 ergo
782 1542 906 1601 eius
935 1541 1112 1600 uiden
1363 1536 1408 1571 ¹⁶
1424 1534 1716 1598 Dicebant
1732 1558 1876 1617 ergo
1893 1559 1969 1599 ex
1992 1540 2048 1600 fa
2166 1539 2360 1616 ipsum
2387 1540 2681 1617 interroga
2921 1542 3112 1618 moysi
3142 1561 3346 1603 sumus
3377 1543 3525 1604 disci

616 1644 697 1695 tes
723 1653 861 1695 eum
889 1636 1146 1712 primum
1363 1634 1525 1692 riseis
1553 1634 1793 1710 quidam
1818 1666 1832 1681 ·
2166 1642 2223 1691 te
2305 1634 2430 1711 ipse
2459 1652 2570 1712 pro
2599 1653 2661 1693 se
2692 1634 2752 1694 lo
2921 1635 3041 1711 puli
3067 1666 3081 1681 ·
3124 1633 3167 1668 ²⁹
3188 1635 3245 1693 N
3249 1646 3312 1696 0⁸
3338 1638 3557 1698 scimus

617 1728 771 1807 quod
799 1729 1106 1788 mendicus
1366 1728 1485 1787 Hic
1508 1728 1688 1787 homo
1719 1747 1842 1788 non
1869 1740 1959 1789 est
1987 1748 2023 1789 a
2166 1738 2379 1804 quatur
2398 1758 2413 1775 ·
2470 1726 2514 1760 ²²
2532 1727 2702 1788 Haec
2729 1725 2829 1788 dix
2921 1729 3057 1805 quia
3087 1733 3274 1807 moysi
3303 1730 3536 1791 locutus

614 1833 730 1883 erat
812 1824 1087 1882 dicebant
1109 1855 1123 1869 ·
1362 1821 1440 1881 dr>
1470 1823 1570 1898 qui
1601 1823 1906 1882 sabbatum
2163 1830 2337 1879 erunt
2363 1832 2636 1898 parentes
2920 1832 3009 1884 est
3038 1824 3107 1883 ds
3128 1854 3142 1869 ·
3204 1823 3386 1884 Hunc
3417 1830 3555 1885 aute

615 1936 810 1977 nonne
839 1917 934 1976 hic
961 1927 1048 1976 est
1076 1916 1179 1994 qui
1360 1934 1486 1975 non
1516 1917 1790 1975 obseruat
1814 1948 1829 1963 ·
1892 1916 1988 1976 alii
2162 1915 2288 1973 eius
2348 1916 2488 1991 quia
2514 1916 2789 1976 timeb⁸nt
2918 1917 3213 1976 nescimus
3240 1917 3401 1977 unde
3429 1918 3505 1977 sit

615 2012 848 2072 sedebat
874 2022 933 2071 et
960 2030 1098 2070 men
1362 2010 1636 2069 dicebant
1663 2029 1882 2087 quomo
2162 2007 2406 2067 iudaeos
2430 2040 2444 2055 ·
2507 2008 2636 2068 Iam
2662 2016 2760 2069 eni
2917 2010 2963 2043 ⁸⁰
2982 2010 3315 2086 Respondit
3344 2011 3528 2073 homo
3562 2023 3622 2072 et

612 2105 841 2166 dicabat
864 2137 878 2153 ·
937 2104 1053 2164 Alii
1082 2103 1209 2165 dice
1360 2104 1440 2162 do
1467 2114 1659 2181 potest
1688 2104 1871 2164 homo
2164 2101 2451 2160 consiliati
2479 2112 2644 2161 erant
2671 2104 2730 2160 iu
2916 2103 3060 2163 dixit
3085 2104 3196 2164 illis
3217 2135 3232 2152 ·
3291 2106 3353 2165 in
3381 2105 3496 2166 boc
3517 2107 3600 2165 mi

612 2199 748 2258 bant
776 2200 913 2278 quia
940 2199 1034 2258 hic
1063 2209 1151 2258 est
1169 2231 1184 2245 ·
1360 2208 1633 2275 peccator
1659 2198 1796 2257 talia
2161 2194 2293 2253 daei
2361 2204 2425 2253 ut
2453 2195 2501 2253 si
2530 2197 2659 2271 quis
2686 2214 2824 2256 eum
2915 2197 3094 2256 rabile
3121 2208 3210 2257 est
3238 2199 3374 2275 quia
3399 2217 3511 2259 uos

613 2293 764 2352 'Alii
792 2303 983 2353 autem
1012 2290 1283 2353 dicebant
1360 2293 1531 2369 signa
1558 2292 1748 2352 facere
1804 2291 1880 2351 Et
2162 2288 2531 2348 confiteretur
2557 2295 2703 2366 xpm
2914 2292 3258 2352 nesnescitis
3285 2292 3446 2353 unde

612 2426 744 2503 quia
773 2426 974 2485 similis
1001 2435 1090 2485 est
1117 2426 1209 2485 ei·
1360 2423 1647 2523 dissensio
1675 2433 1796 2485 erat
1824 2424 1970 2485 inter
2159 2430 2322 2481 extra
2350 2439 2716 2500 synagogam
2746 2421 2818 2483 fie
2913 2423 2986 2484 sit
3005 2455 3021 2472 ·
3081 2435 3139 2485 et
3166 2426 3392 2503 aperuit
3422 2445 3539 2488 ocu

610 2518 712 2579 Ille
739 2529 935 2579 autem
964 2520 1190 2579 dicebat
1358 2537 1461 2578 eos
1483 2551 1497 2565 ·
1520 2550 1534 2565 ·
1578 2519 1622 2552 ¹⁷
1636 2519 1855 2578 Dicunt
1877 2520 1953 2578 illi
1973 2538 2040 2579 ce
2159 2527 2246 2575 ret
2303 2517 2347 2550 ²³
2366 2528 2676 2594 propterea
2703 2536 2781 2594 pa
2911 2519 3001 2578 los
3028 2538 3197 2579 meos
3217 2551 3232 2566 ·
3279 2519 3323 2553 ⁸¹
3343 2521 3574 2582 Scimus

610 2616 743 2690 quia
770 2633 884 2691 ego
913 2616 1049 2673 suni
1066 2645 1080 2660 ·
1125 2613 1170 2647 ¹⁰
1186 2613 1264 2673 Di
1359 2630 1431 2673 co
1460 2614 1665 2673 iterum
1722 2624 1785 2673 tu
1814 2615 1957 2691 quid
2158 2621 2349 2669 rentes
2377 2612 2503 2670 eius
2533 2612 2803 2670 dixerunt
2821 2643 2836 2660 ·
2911 2615 3068 2673 enim
3099 2615 3238 2691 quia
3266 2626 3517 2692 peccato

608 2710 816 2767 cebant
842 2726 983 2784 ergo
1010 2709 1063 2766 ei
1092 2727 1211 2785 quo
1358 2707 1503 2766 dicis
1532 2708 1605 2766 de
1633 2726 1706 2767 eo
1791 2707 1890 2784 qui
1919 2725 2029 2784 ape
2159 2704 2298 2781 quia
2327 2714 2577 2763 aetatem
2604 2704 2779 2764 habet
2909 2724 3002 2767 res
3031 2707 3100 2767 ds
3128 2726 3252 2768 non
3281 2708 3519 2770 exaudit
3542 2742 3561 2758 ·

607 2802 787 2863 modo
815 2802 997 2879 aperti
1027 2813 1162 2861 sunt
1357 2801 1469 2860 ruit
1497 2802 1704 2861 oculos
1733 2810 1865 2860 tuos
1889 2832 1903 2847 ·
2158 2797 2351 2873 ipsum
2380 2798 2724 2875 interrogate
2744 2830 2758 2846 ·
2913 2800 3031 2861 Sed
3062 2801 3112 2860 si
3140 2803 3269 2878 quis
3300 2802 3358 2861 di
3384 2803 3575 2864 cultor

606 2896 705 2954 tibi
734 2897 890 2955 oculi
913 2927 927 2942 ·
988 2893 1032 2928 ²²
1054 2895 1175 2954 Res
1357 2896 1436 2954 At
1453 2894 1544 2954 ille
1568 2895 1712 2953 dixit
1761 2901 1905 2972 qum
1926 2913 2035 2972 pro
2158 2892 2202 2926 ²⁴
2221 2889 2596 2951 Uocauerunt
2622 2907 2768 2969 ergo
2908 2905 2996 2954 est
3064 2905 3124 2954 et
3151 2896 3518 2956 uoluntatem

604 2990 812 3066 pondit
839 2990 931 3049 ille
958 2999 1016 3049 et
1042 2990 1187 3049 dixit
1206 3021 1220 3035 ·
1356 2988 1469 3047 feta
1497 3000 1586 3049 est
1642 2988 1686 3022 ¹⁸
1704 3007 1827 3049 non
1857 3008 1953 3048 cre
2158 2984 2461 3045 hominem
2488 2987 2696 3046 iterum
2908 2989 3033 3049 eius
3061 2988 3199 3049 facit
3227 2989 3383 3051 hunc
3413 3010 3492 3051 au

606 3083 810 3144 Homo
839 3085 939 3162 qui
969 3085 1176 3143 dicitur
1356 3082 1572 3143 debant
1598 3102 1742 3161 ergo
1771 3084 1925 3142 iudei
2157 3080 2258 3157 qui
2288 3080 2473 3139 suerat
2502 3099 2677 3139 cecus
2703 3113 2716 3129 ·
2909 3084 2995 3143 dit
3017 3115 3032 3131 ·
3094 3081 3213 3143 ’Ἀ
3241 3086 3477 3146 saeculo

604 3183 713 3255 xps
782 3178 968 3237 lutum
996 3178 1130 3236 fecit
1148 3209 1162 3224 ·
1356 3177 1429 3236 de
1459 3178 1559 3237 illo
1641 3177 1804 3254 quod
1834 3195 2007 3237 cecus
2155 3183 2212 3233 et
2242 3173 2510 3233 dixerunt
2537 3176 2590 3233 ei
2614 3206 2627 3222 ·
2700 3176 2777 3236 da
2907 3195 3232 3256 numquam
3261 3179 3463 3239 auditu

602 3283 658 3331 et
691 3273 1026 3349 superunxit
1060 3273 1140 3329 mi
1354 3281 1476 3330 erat
1503 3281 1562 3330 et
1588 3272 1734 3329 uidit
1757 3303 1771 3317 ·
1802 3270 1990 3331 donec
2155 3266 2443 3327 bonorem
2472 3269 2551 3327 do
2574 3300 2589 3315 ·
2650 3287 2762 3329 nos
2905 3282 2998 3331 est
3065 3273 3165 3350 qui
3193 3275 3415 3349 aperuit

603 3364 661 3424 hi
689 3366 897 3426 oculos
922 3397 936 3412 ·
996 3364 1074 3423 Et
1102 3364 1246 3423 dixit
1355 3374 1713 3425 uocauerunt
1742 3383 1923 3441 paren
2155 3362 2371 3422 scimus
2400 3368 2542 3440 qum
2570 3362 2664 3423 hic
2694 3364 2775 3424 bo
2906 3366 3038 3442 quis
3067 3366 3270 3426 oculos
3294 3367 3458 3427 caeci

605 3459 743 3517 mihi
812 3460 961 3518 uade
991 3459 1053 3517 in
1082 3468 1221 3517 nata
1353 3469 1439 3518 tes
1466 3460 1590 3518 eius
1650 3457 1694 3491 ¹⁹
1710 3467 1769 3516 et
1796 3459 2010 3518 interro
2154 3474 2257 3515 mo
2285 3467 2556 3533 peccator
2583 3468 2702 3516 est·
2906 3459 3027 3517 nati
3051 3489 3067 3505 ·
3126 3458 3170 3492 ⁸⁸
3189 3459 3299 3519 nisi
3328 3468 3485 3520 esset

605 3554 751 3612 torio
780 3552 990 3611 siloam
1016 3562 1073 3610 et
1100 3551 1157 3610 la
1349 3561 1636 3628 gauerunt
1663 3571 1768 3612 eos
1797 3552 1855 3611 di
2155 3547 2372 3609 ”Dixit
2389 3569 2532 3628 ergo
2554 3551 2648 3610 ille
2672 3552 2720 3610 si
2743 3570 2852 3628 pec
2904 3549 3000 3610 hic
3030 3570 3066 3610 a
3094 3551 3172 3610 do
3203 3570 3328 3612 non
3356 3562 3589 3629 poterat

603 3662 678 3705 ua
700 3678 714 3692 ·
774 3657 832 3705 et
861 3646 976 3704 abii
1003 3657 1061 3704 et
1087 3645 1202 3704 laui
1350 3655 1546 3704 centes
1575 3645 1669 3705 hic
1698 3655 1787 3704 est
1816 3645 1895 3704 fili
2155 3655 2318 3704 cator
2345 3655 2433 3703 est
2494 3646 2694 3704 nescio
2714 3677 2729 3692 ·
2903 3643 3097 3705 facere
3125 3646 3443 3723 quicquam
3465 3678 3479 3694 ·

601 3750 659 3799 et
685 3740 842 3799 uidi·
902 3737 947 3772 ²²
965 3739 1252 3799 Dixerunt
1349 3756 1418 3798 us
1446 3749 1635 3797 uester
1716 3756 1891 3816 quem
2153 3756 2339 3796 unum
2366 3740 2489 3797 scio
2518 3740 2654 3815 quia
2681 3758 2786 3799 cae
2904 3738 2948 3770 ³⁴
2967 3738 3427 3817 Responderunt
3455 3751 3514 3801 et

601 3851 737 3909 ergo
767 3834 844 3891 illi
875 3834 976 3891 ubi
1003 3843 1089 3891 est
1118 3833 1211 3891 ille
1235 3864 1250 3881 ·
1349 3851 1457 3893 uos
1486 3833 1672 3892 dicitis
1701 3835 1837 3910 quia
1865 3852 1968 3893 cae
2155 3848 2258 3890 cus
2286 3850 2446 3891 eram
2472 3840 2531 3889 et
2557 3832 2738 3891 modo
2904 3832 3174 3892 dixerunt
3202 3834 3256 3893 ei
3323 3835 3386 3892 in
3413 3853 3526 3912 pec

601 3926 736 3986 dicit
763 3928 966 3985 nescio
996 3957 1010 3972 ·
1069 3924 1113 3958 ¹³
1134 3925 1212 3985 ad
1350 3945 1454 3987 cus
1482 3937 1654 3985 natus
1680 3937 1767 3986 est
1790 3958 1805 3974 ·
1862 3925 1941 3986 Et
2151 3926 2328 3984 uideo
2358 3956 2372 3971 ·
2423 3922 2467 3958 ⁸⁶
2485 3924 2773 3985 Dixerunt
2904 3938 3039 3986 cato
3074 3937 3246 3986 natus
3274 3946 3338 3987 es
3366 3938 3527 3989 totus

600 4019 818 4080 ducunt
844 4037 982 4078 eum
1010 4020 1086 4078 ad
1114 4019 1172 4079 fa
1349 4021 1650 4097 quomodo
1679 4039 1836 4080 nunc
1866 4021 1925 4077 ui
2150 4037 2293 4095 ergo
2322 4019 2400 4078 illi
2427 4020 2633 4076 iterum
2657 4051 2672 4068 ·
2904 4030 2963 4079 et
2991 4029 3053 4078 tu
3081 4019 3262 4079 doces
3291 4039 3402 4081 nos
3425 4052 3443 4069 ·
3501 4021 3579 4081 Et

598 4113 777 4174 riseos
807 4114 909 4192 qui
939 4111 1123 4171 fuerat
1349 4113 1445 4172 det
1464 4145 1477 4159 ·
1539 4111 1583 4146 '⁰
1602 4114 1921 4190 Responde
2151 4111 2292 4189 quid
2320 4112 2455 4171 fecit
2481 4112 2583 4170 tibi
2612 4130 2734 4192 quo
2901 4114 3193 4172 eiecerunt
3221 4132 3355 4172 eum
3386 4114 3450 4176 fo

600 4224 766 4268 cecus
790 4239 804 4254 ·
851 4206 898 4241 ¹⁴
916 4205 1060 4266 Erat
1086 4216 1279 4269 autem
1351 4217 1485 4266 runt
1511 4225 1654 4284 ergo
1684 4208 1794 4267 illis
1821 4239 1833 4254 ·
2150 4207 2335 4266 modo
2362 4205 2584 4283 aperuit
2902 4224 2996 4268 ras
3019 4238 3034 4255 ·
3075 4206 3121 4241 ⁸⁵
3136 4208 3379 4269 Audiuit
3405 4208 3498 4272 ihs
