4414 4917
938 359 1025 387 ω
1090 276 1498 395 ΙΝΙΤῙΗῘΙ
1532 318 1688 394 SC]
1726 330 1906 392 EUA
1917 276 2294 396 NG‘ZLJJ·
2342 332 2546 394 SEc-
2594 276 3108 393 MRHEUM·
3166 364 3248 389 ψ.
3352 343 3418 409 [ι.
3449 356 3606 407 1-23.

2160 442 2290 493 liber
2313 443 2406 495 iste
2428 450 2501 495 est
2524 447 2605 494 sce
2627 442 2784 495 marie
2808 443 2978 508 sc'ique
3001 442 3277 493 corbiniani
3300 442 3536 507 frisingen

316 550 453 600 ποι.
474 547 553 600 L*
579 550 624 606 1.
660 542 867 623 &Liber

528 657 556 690 *
578 638 967 716 generationis

529 752 557 785 t
580 733 673 791 ihu
701 734 803 809 xpi
831 733 911 792 fili
942 732 1046 792 did
1063 763 1087 780 -

530 846 557 878 t
581 826 659 884 fili
685 826 966 885 abraham
993 863 1007 877 -

529 940 558 973 ιι
579 915 947 1001 ¹[abr]aham
976 938 1136 997 genu

528 1034 559 1068 t
586 1010 654 1096 [it
679 1010 863 1096 i]saac
887 1052 900 1065 ·
957 1014 1116 1073 isaac

530 1129 558 1162 ιι
580 1110 781 1186 genuit
811 1109 986 1168 iacob
1006 1138 1019 1152 ·

530 1222 559 1255 t
582 1203 751 1263 iacob
779 1213 977 1262 autem
1004 1219 1080 1279 ge

530 1317 558 1350 2
584 1298 704 1357 nuit
730 1297 929 1357 iudam
956 1308 1015 1356 et

580 1392 785 1452 fratres
812 1391 970 1451 eius·

580 1486 774 1545 ³iudas
800 1496 997 1544 autem
1024 1502 1100 1561 ge

580 1580 702 1640 nuit
730 1579 883 1638 fares
911 1590 970 1639 et

579 1694 709 1734 zara
738 1693 812 1734 ex
841 1674 1100 1733 thamar·

578 1769 730 1828 fares
758 1778 954 1828 autem

579 1864 778 1941 genuit
805 1880 997 1922 esrom
1019 1899 1032 1911 -

579 1975 773 2017 esrom
803 1966 999 2015 autem

578 2051 780 2127 genuit
808 2067 970 2108 aram
990 2086 1003 2099 -

576 2148 768 2205 ⁴aram
797 2153 992 2204 autem

580 2240 777 2317 genuit
810 2240 1006 2298 amina

580 2334 695 2393 dab
716 2371 729 2384 ·
778 2333 1093 2393 aminadab

579 2477 773 2528 autem
802 2466 1009 2544 genuit
1034 2499 1046 2512 ·

578 2579 832 2620 naasson
854 2597 868 2611 -
925 2578 1068 2619 naas

580 2674 685 2715 son
713 2665 910 2715 autem
940 2673 1014 2731 ge

581 2751 697 2809 nuit
726 2750 954 2809 salmon
975 2785 989 2799 -

581 2845 836 2905 “salmon
869 2853 1065 2903 autem

582 2939 775 3016 genuit
804 2940 954 2998 booz

582 3052 651 3093 ex
678 3034 895 3094 rachab
917 3070 931 3084 -
991 3033 1142 3092 booz

582 3141 772 3188 autem
801 3127 1003 3204 genuit

582 3222 752 3281 obeth
782 3240 856 3280 ex
885 3220 1050 3279 ruth·

583 3316 754 3375 obeth
783 3326 977 3375 autem

583 3411 778 3486 genuit
804 3410 954 3468 iesse
975 3444 989 3458 ·

581 3505 753 3564 ‘iesse
782 3514 980 3562 autem
1007 3521 1083 3580 ge

583 3600 702 3658 nuit
729 3598 906 3658 dauid
934 3616 996 3657 re

582 3711 748 3770 gem·
807 3691 983 3752 dauid
1011 3702 1145 3751 aute
1221 3721 1235 3737 ·

581 3806 677 3846 rex
705 3787 910 3864 genuit
938 3804 1005 3846 so

582 3880 876 3942 lomonem
906 3899 980 3939 ex
1007 3898 1078 3940 ea

584 3994 725 4052 quae
755 3976 861 4035 suit
886 3975 1044 4034 uriae
1069 4011 1084 4025 ·

585 4069 900 4131 '‘Solomon
929 4079 1126 4129 autem
1156 4101 1170 4117 ·

585 4167 778 4240 genuit
809 4165 1055 4225 roboam
1158 4203 1161 4204 ν

1330 544 1574 604 roboam
1602 551 1799 603 autem

1331 638 1532 714 genuit
1558 637 1735 697 abiud
1758 674 1771 687 ·

1332 731 1510 790 abiud
1538 742 1731 791 autem
1760 750 1836 810 ge

1332 826 1459 884 nuit
1486 825 1669 903 asaph
1692 861 1705 875 ·

1332 918 1546 997 ¹'asaph
1574 929 1769 978 autem
1798 938 1874 997 ge

1332 1013 1457 1071 nuit
1483 1012 1731 1072 iosafath
1751 1049 1765 1065 ·

1331 1106 1539 1167 iosafat
1565 1116 1759 1166 autem

1331 1202 1532 1278 genuit
1559 1201 1741 1261 ioram
1763 1234 1777 1248 ·

1329 1294 1517 1354 ioram
1546 1305 1742 1354 autem

1330 1391 1530 1464 genuit
1558 1389 1747 1448 oziam
1770 1426 1783 1441 ·

1330 1483 1517 1542 ”ozias
1544 1492 1738 1541 autem
1765 1502 1840 1561 ge

1331 1577 1457 1635 nuit
1488 1577 1747 1635 ioatham
1771 1613 1784 1627 -

1331 1670 1588 1730 ioatham
1618 1676 1751 1730 aute

1330 1764 1528 1841 genuit
1554 1764 1732 1825 achas
1752 1802 1765 1815 ·

1331 1857 1510 1917 achas
1539 1867 1730 1917 autem
1758 1876 1835 1934 ge

1330 1952 1455 2012 nuit
1481 1952 1776 2011 ezechiam

1328 2044 1603 2105 ¹⁰ezecias
1629 2058 1824 2105 autem

1329 2140 1527 2217 genuit
1559 2156 1781 2199 manna‘

1332 2252 1458 2294 sem
1478 2270 1492 2286 ·
1554 2252 1866 2294 mannases

1330 2338 1523 2388 autem
1552 2329 1751 2406 genuit

1328 2479 1529 2521 amos·
1586 2480 1754 2521 amos
1784 2467 1916 2522 aute

1327 2556 1526 2633 genuit
1553 2556 1757 2615 iosiam
1779 2594 1793 2609 .

1329 2650 1367 2682 ¹¹
1379 2650 1554 2709 iosias
1581 2661 1777 2710 autem

1327 2745 1527 2821 genuit
1552 2743 1724 2803 iecho

1328 2840 1487 2898 niam
1507 2875 1521 2889 ·
1579 2850 1637 2899 et
1663 2838 1866 2899 fratres

1328 2935 1485 2993 eius·
1544 2933 1605 2991 in
1632 2941 1823 2996 trans*

1329 3028 1671 3104 migratione
1700 3029 1777 3086 ba

1330 3121 1559 3200 bylonis
1580 3156 1594 3171 ·
1651 3118 1781 3180 ²''Et

1329 3226 1467 3294 post
1495 3217 1735 3274 transmi

1328 3311 1652 3388 grationem
1680 3311 1757 3369 ba

1329 3406 1558 3482 bylonis
1580 3440 1593 3455 ·
1648 3405 1777 3465 ieco

1328 3501 1455 3558 nias
1483 3500 1684 3577 genuit
1717 3517 1783 3558 sa

1329 3594 1523 3655 lathiel
1555 3630 1568 3645 ·
1628 3593 1859 3653 Salatiel

1329 3701 1524 3748 autem
1552 3688 1756 3765 genuit

1328 3782 1641 3843 zorobabel
1664 3818 1677 3832 ·

1328 3878 1370 3910 ¹⁸
1381 3876 1694 3937 zorobabel
1722 3881 1856 3936 aute

1325 3971 1523 4050 genuit
1549 3970 1741 4030 abiiud
1760 3997 1773 4010 ·

1329 4066 1503 4126 abiud
1532 4075 1729 4124 autem
1755 4084 1830 4143 ge

1329 4163 1453 4221 nuit
1475 4160 1744 4220 eliachim
1767 4186 1778 4199 ·

1329 4256 1599 4316 eliachim
1628 4265 1822 4315 autem

2144 545 2347 621 genuit
2374 562 2544 604 azor·

2144 636 2338 698 ¹⁴azor
2366 650 2561 698 autem
2589 656 2666 716 ge

2145 734 2273 792 nuit
2299 733 2551 793 saddoc·

2146 826 2369 886 saddoc
2400 835 2596 886 autem

2144 921 2347 995 genuit
2374 921 2568 980 achim
2587 953 2600 968 ·

2144 1013 2337 1072 achim
2367 1024 2562 1074 autem
2590 1034 2666 1094 ge

2144 1108 2271 1167 nuit
2297 1108 2449 1169 eliud
2470 1147 2484 1161 -
2549 1110 2715 1169 1¹‘elit-1

2145 1212 2340 1261 autem
2367 1204 2570 1279 genuit

2145 1295 2403 1355 eleazar·
2460 1297 2585 1356 elea

2146 1407 2245 1448 zar
2272 1399 2467 1449 autem
2496 1411 2572 1469 ge

2144 1484 2270 1541 nuit
2296 1485 2578 1544 mattham
2599 1518 2610 1531 ·

2144 1577 2431 1636 mattham
2459 1585 2592 1639 aute

2145 1672 2346 1748 genuit
2373 1672 2576 1732 iacob·

2143 1763 2366 1825 ¹⁶iacob
2392 1778 2585 1826 autem
2614 1786 2689 1844 ge

2145 1860 2270 1919 nuit
2297 1860 2500 1937 ioseph
2531 1896 2545 1912 .
2578 1899 2590 1912 .
2626 1898 2638 1911 .

2145 1954 2258 2015 Cui
2287 1954 2640 2032 desponsata

2143 2050 2326 2107 maria
2354 2050 2553 2126 genuit

2142 2143 2265 2201 ihm
2289 2170 2301 2183 ·
2359 2140 2695 2219 quiuocatur

2142 2241 2255 2312 xps
2281 2264 2293 2276 ·
2351 2237 2394 2269 ¹⁷
2404 2236 2631 2297 Omnes

2141 2349 2283 2408 ergo
2310 2332 2604 2409 generatio

2140 2482 2246 2523 nes
2275 2467 2349 2524 ab
2376 2465 2654 2524 abraham
2677 2491 2691 2507 ·

2138 2577 2324 2635 usque
2353 2559 2428 2618 ad
2465 2560 2678 2619 dauid·

2137 2654 2540 2728 generationes

2139 2747 2606 2822 quattuordecim
2633 2781 2731 2799 .-

2141 2839 2220 2898 Et
2248 2839 2323 2898 ad
2353 2839 2528 2899 dauid
2557 2843 2701 2919 usqS

2141 2934 2219 2993 ad
2247 2935 2595 3010 transmigra

2141 3028 2365 3087 tionem
2392 3028 2607 3102 babylo

2141 3122 2232 3180 nis
2258 3123 2558 3197 generatio

2138 3234 2245 3274 nes
2273 3216 2617 3292 quattuorde

2139 3310 2257 3369 cim
2281 3336 2293 3350 ·
2351 3310 2427 3369 Et
2454 3329 2489 3368 a
2517 3321 2677 3370 trans

2140 3404 2488 3480 migratione
2517 3406 2596 3464 ba

2138 3498 2368 3575 bylonis
2392 3530 2405 3544 ·
2461 3517 2647 3577 usque

2138 3593 2216 3651 ad
2243 3598 2387 3669 xpm
2417 3595 2673 3670 generati

2138 3705 2285 3746 ones
2313 3697 2588 3764 quattuor

2138 3780 2636 3856 decimm¹⁸†X1'3i
2667 3799 2743 3838 au

2139 3887 2260 3935 tem
2286 3875 2580 3952 generatio

2140 3970 2225 4029 sic
2254 3978 2375 4028 erat
2399 3994 2412 4007 ·

2139 4062 2294 4122 Cum
2320 4071 2475 4121 esset
2502 4061 2728 4138 despon

2138 4166 2265 4216 sata
2293 4166 2473 4215 mater
2500 4156 2624 4214 eius

2137 4251 2318 4310 maria
2345 4248 2552 4332 ioseph

2198 4366 2234 4422 ’ἱ-
2267 4364 2464 4414 initium
2483 4363 2664 4438 lect—de

2264 4438 2522 4488 natiuitate
2540 4437 2626 4486 dm

2898 542 3234 620 Antequam
3261 561 3453 603 conue

2899 637 3090 696 nirent
3113 668 3127 684 ·
3190 638 3371 697 inuen

2899 740 2958 788 ta
2989 740 3078 790 est
3104 731 3165 790 in
3193 742 3363 791 utero

2896 822 3124 883 habens
3155 825 3228 884 de
3257 830 3369 901 spu

2899 924 3002 976 sco
3028 951 3039 963 ·
3068 950 3080 964 ·
3147 919 3409 995 ¹⁹i0seph

2896 1022 3092 1070 autem
3119 1012 3209 1070 uir
3234 1013 3358 1072 eius
3381 1042 3395 1058 ·

2899 1123 3032 1164 cum
3064 1115 3217 1164 esset
3243 1106 3458 1166 iustus·

2899 1209 2956 1257 et
2984 1198 3146 1258 nolet
3173 1218 3306 1258 eam
3335 1210 3423 1262 tra

2901 1291 3116 1351 ducere
3139 1318 3152 1331 ·
3214 1293 3356 1352 uolu

2896 1386 2939 1443 it
2967 1387 3197 1446 occulte
3226 1387 3392 1446 dimit

2898 1488 3019 1539 tere
3047 1480 3207 1539 illam
3230 1508 3243 1521 ·

2896 1572 2943 1605 ²⁰
2957 1573 3090 1633 Hec
3120 1593 3193 1635 eo
3227 1576 3524 1652 cogitante
3544 1602 3559 1618 ·

2895 1685 3038 1726 ecce
3066 1668 3311 1744 angelus
3341 1669 3442 1727 dni

2897 1762 3164 1837 apparuit
3192 1762 3253 1819 in
3283 1780 3414 1822 som

2895 1855 2990 1912 nis
3020 1855 3256 1914 dicens·
3314 1855 3373 1914 io

2895 1947 3075 2023 seph·
3136 1948 3215 2007 fili
3244 1947 3458 2008 dauid·

2897 2058 2972 2100 ne
3001 2042 3209 2101 timeas
3237 2042 3363 2101 acci

2895 2154 3035 2212 pere
3064 2136 3307 2195 mariam

2895 2230 3204 2305 coniugem
3235 2239 3396 2289 tuam
3419 2260 3433 2276 ·

2896 2323 3076 2397 Quod
3104 2324 3261 2383 enim
3289 2311 3350 2382 iri
3381 2342 3451 2384 ea

2891 2467 3161 2517 nascetur
3189 2456 3262 2517 de
3293 2463 3404 2533 spu

2890 2559 2994 2611 sco
3022 2562 3139 2610 est·
3204 2550 3246 2585 ²¹
3257 2552 3444 2629 pariet

2891 2657 3085 2705 autem
3114 2645 3297 2704 filium

2889 2750 2947 2798 et
2977 2740 3219 2798 uocabis
3248 2758 3472 2799 nomen

2891 2833 3014 2892 eius
3042 2833 3164 2891 ihm
3189 2860 3201 2873 ·
3263 2833 3389 2911 ipse

2892 2928 3048 2986 enim
3079 2927 3308 2987 saluum
3336 2928 3394 2987 sa

2892 3023 3004 3081 ciet
3031 3022 3318 3099 populum

2893 3134 3063 3175 suum
3094 3135 3130 3174 a
3157 3117 3416 3192 peccatis

2892 3215 3156 3273 eorum†
3217 3207 3413 3270 ”Hoc

2891 3314 3085 3363 autem
3114 3313 3304 3363 totum

2890 3399 3106 3457 factum
3134 3408 3222 3457 est
3243 3425 3258 3437 ·
3324 3408 3388 3457 ut

2889 3491 3297 3567 adimpleretur

2889 3585 3048 3662 quod
3078 3585 3298 3643 dictum
3325 3594 3416 3644 est

2890 3699 2926 3738 a
2954 3679 3110 3736 dfio·
3141 3695 3245 3753 per
3275 3695 3378 3736 esa

2889 3775 3004 3832 iarn
3036 3771 3320 3849 profetam

2888 3868 3179 3926 dicentem
3203 3890 3216 3903 ·

2887 3960 3097 4018 ”Ecce
3126 3959 3294 4033 uirgo
3323 3958 3382 4015 in
3411 3967 3509 4018 ute

2887 4074 2954 4115 ro
2984 4051 3215 4111 habebit
3238 4082 3251 4095 ·
3317 4050 3394 4111 Et

2886 4149 3072 4226 pariet
3105 4145 3288 4204 filium
3311 4169 3325 4185 ·

2887 4244 2964 4303 Et
2989 4244 3288 4303 uocabunt
3315 4257 3396 4298 no

3187 4465 3220 4505 Β

3628 548 3752 599 ῈόΙ.
3772 550 3827 609 ῧῑ.
