4414 4917
794 328 876 396 70

451 637 576 686 1⁸01·
600 637 731 685 243,
791 611 1015 672 sabbati
1037 643 1051 658 ·
1114 628 1333 688 rogaue

789 718 926 766 runt
954 707 1194 783 pilatum
1223 715 1287 765 ut

789 820 957 860 crura
982 800 1213 859 illorum

788 894 1187 970 frangerentur
1214 905 1273 952 et

789 988 1128 1048 tollerentur
1150 1020 1163 1034 ·
1224 985 1269 1020 ⁸²
1287 986 1379 1046 Ue

789 1094 1001 1142 nerunt
1029 1100 1171 1158 ergo
1199 1082 1301 1141 mli

790 1187 879 1235 tes
940 1187 998 1236 et
1026 1177 1202 1253 priori
1231 1176 1332 1254 qui

791 1271 927 1330 dem
960 1271 1252 1348 fregerunt

791 1384 958 1424 crura
987 1375 1044 1423 et
1071 1364 1232 1424 alteri

791 1460 1050 1519 similiter
1119 1461 1216 1535 qui
1247 1460 1292 1517 si

791 1554 913 1611 mul
943 1553 1201 1612 crucifixi
1231 1552 1291 1610 su

795 1656 959 1706 erant
986 1665 1121 1706 cum
1152 1647 1246 1705 illo
1272 1662 1301 1692 ·‘

791 1740 835 1773 ⁸³
854 1741 1008 1801 Cum
1037 1751 1230 1799 autem
1263 1740 1431 1800 uenis

794 1846 925 1894 sent
953 1836 1028 1894 ad
1057 1836 1178 1893 ihm
1249 1835 1325 1893 Et
1351 1834 1411 1893 ui

796 1930 1017 1989 dissent
1045 1932 1182 2006 quia
1211 1948 1342 1988 mor

793 2036 926 2083 tuus
955 2034 1077 2083 erat
1125 2042 1249 2081 non

793 2118 1088 2196 fregerunt
1116 2119 1167 2177 ei
1196 2136 1298 2177 cru

794 2229 858 2270 ra
876 2244 891 2258 ·
956 2212 1001 2245 ⁸⁴
1021 2212 1136 2270 Sed
1165 2230 1318 2270 unus
1345 2230 1419 2269 ex

792 2306 1004 2365 milites
1030 2305 1218 2364 lancia
1245 2324 1351 2364 sua

792 2399 944 2461 latus
973 2402 1095 2460 eius
1123 2400 1398 2476 percu³sit

795 2544 855 2593 et
883 2532 1166 2611 perfodit·
1218 2543 1273 2593 et
1299 2552 1414 2593 con

794 2629 957 2687 tinuo
986 2629 1162 2687 exiuit
1191 2630 1427 2705 sanguis

797 2732 853 2782 et
871 2741 1024 2800 aqua
1043 2754 1056 2769 ·
1088 2722 1215 2781 ³⁵Et
1234 2724 1333 2799 qui
1352 2723 1496 2782 uidit

796 2828 855 2877 et
883 2818 1218 2876 testificatus
1248 2828 1334 2875 est
1358 2843 1370 2856 ·

795 2921 854 2972 et
881 2930 1088 2969 uerum
1118 2921 1206 2968 est
1233 2911 1363 2968 testi

795 3004 1060 3063 monium
1090 3004 1213 3061 eius
1238 3034 1252 3050 ·
1313 3003 1390 3060 Et

796 3099 922 3176 ipse
952 3098 1063 3157 scit
1091 3098 1227 3174 quia
1253 3103 1395 3155 uersi

799 3192 937 3252 dicit
961 3222 975 3237 ·
1040 3201 1103 3249 ut
1130 3200 1188 3248 et
1216 3209 1325 3249 uos
1353 3209 1450 3250 cre

800 3286 948 3345 datis
973 3316 987 3332 ·
1013 3317 1026 3331 ·
1054 3316 1068 3332 ·
1120 3285 1163 3317 ³⁶
1185 3284 1329 3343 Fata
1364 3294 1499 3343 sunt

795 3382 955 3441 enim
984 3381 1128 3439 haec
1155 3389 1218 3437 ut
1245 3380 1398 3458 scrip

798 3489 925 3536 tura
952 3476 1284 3552 impleretur

800 3588 950 3648 quae
979 3569 1117 3628 dicit
1137 3600 1151 3615 ·
1216 3587 1418 3627 ossum

799 3666 923 3724 eius
953 3683 1075 3723 non
1104 3665 1402 3723 comminu

800 3772 928 3819 etur
951 3790 965 3804 ·
1026 3758 1384 3817 ”etiterum

801 3854 913 3914 alia
942 3853 1222 3929 scriptura
1253 3853 1391 3912 dicit
1410 3884 1424 3899 ·

800 3949 1069 4007 uiderunt
1097 3949 1157 4005 in
1186 3965 1362 4025 quem

804 4052 1212 4118 conpuxerunt
1233 4073 1246 4089 ·

2097 313 2471 376 SECUND
2490 344 2504 359 ·

1547 456 1699 507 lectio
1734 456 1783 505 in
1819 456 2091 507 domeneca
2126 458 2177 506 in

1608 536 1770 600 prima
1802 550 1953 600 pasca

1542 622 1618 679 ab
1648 620 1951 678 arimathia
1979 620 2078 697 qui

1543 714 1730 774 suerat
1764 715 2079 790 discipulus

1540 808 1639 866 ihu
1660 839 1674 853 ·
1736 809 2062 891 absconsus

1541 912 1733 961 autem
1763 911 1999 979 propter

1540 997 1811 1054 timorem
1842 997 2120 1056 iudaeorss
2145 1026 2159 1041 ·

1542 1099 1606 1148 ut
1634 1089 1855 1148 tolleret
1890 1107 2106 1165 corpus

1543 1182 1642 1241 ihu
1666 1213 1680 1229 ·
1740 1193 1796 1241 et
1823 1184 2081 1260 permisit

1545 1277 1755 1354 pilatus
1779 1310 1793 1323 ·
1857 1278 2014 1335 uenit
2043 1296 2107 1335 er

1546 1389 1626 1447 go
1654 1382 1713 1430 et
1741 1372 1867 1429 tulit
1896 1389 2065 1430 corus

1547 1466 1646 1523 ihu
1671 1496 1684 1511 ·
1745 1464 1789 1497 ⁸⁹
1807 1464 1985 1524 Uenit
2014 1470 2145 1524 aute

1546 1570 1601 1619 et
1630 1559 1975 1618 nicodemus
2004 1560 2101 1636 qui

1542 1663 1782 1711 uenerat
1810 1653 1884 1712 ad
1913 1652 2034 1711 ihm

1544 1756 1716 1806 nocte
1790 1757 1847 1805 et
1877 1749 2034 1823 prius

1545 1840 1815 1899 auferens
1843 1842 2028 1898 mixtu

1543 1953 1608 1993 ra
1642 1953 1834 1993 murra
1863 1945 1920 1993 et
1948 1935 2107 1993 aloes
2132 1966 2145 1982 ·

1545 2029 1747 2106 ponda
1775 2030 1997 2087 circiter

1546 2124 1708 2199 quasi
1738 2134 1971 2181 centum
1993 2154 2007 2169 ·

1547 2216 1591 2248 ⁴⁰
1611 2216 1975 2275 Sustulerunt
2003 2233 2143 2292 ergo

1547 2329 1757 2387 corpus
1785 2311 1884 2368 ihu
1908 2342 1921 2356 ·
1981 2319 2040 2368 et
2072 2311 2163 2369 alli

1544 2415 1829 2482 gauerunt
1857 2404 2015 2464 illurn

1545 2537 1605 2594 in
1635 2537 2046 2595 lintiaminibus
2067 2568 2080 2581 ·

1547 2649 1682 2690 cum
1712 2632 2064 2690 aromatibus
2086 2661 2102 2675 ·

1548 2726 1695 2784 sicut
1725 2737 1810 2783 est
1840 2736 2123 2783 consuetu

1549 2819 1698 2877 dinis
1728 2818 1948 2877 iudaeis
1978 2838 2117 2895 sepe

1549 2912 1651 2971 lire
1675 2944 1689 2958 ·
1752 2911 1795 2945 ⁴¹
1811 2912 1953 2970 Erat
1982 2924 2178 2970 autem

1548 3007 1610 3063 in
1639 3005 1735 3064 illo
1765 3005 1899 3064 loco
1954 3007 2055 3063 ubi
2084 3024 2186 3064 cru

1549 3099 1751 3157 cifixus
1780 3111 1898 3157 erat
1927 3099 2036 3157 hor

1548 3204 1640 3252 tus
1703 3203 1759 3251 et
1788 3193 1845 3251 in
1876 3193 2109 3252 hortum

1548 3296 1995 3345 monumentum
2025 3306 2104 3346 no

1550 3400 1692 3439 uum
1752 3382 1811 3438 in
1840 3399 1961 3458 quo
1992 3399 2167 3440 nemo

1550 3476 1774 3552 positus
1805 3474 1991 3533 fuerat
2013 3506 2027 3520 ·

1551 3567 1595 3600 ⁴²
1613 3569 1701 3627 lbi
1731 3586 1873 3645 ergo
1902 3580 2140 3644 propter
2173 3588 2252 3646 pa

1550 3682 1829 3723 rasceuen
1856 3662 2065 3721 iudaeo

1549 3776 1678 3817 rum
1708 3767 2027 3834 posuerunt
2056 3757 2175 3815 ihm

1549 3853 1685 3930 quia
1712 3869 1895 3928 prope
1925 3861 2046 3909 erat

1554 3951 1939 4005 monumenti]
1963 3970 2044 3995 „1-

1512 4041 1676 4100 *20.1
1690 4039 1881 4097 Prima
1903 4049 2100 4096 autem
2130 4040 2234 4097 sab

805 4136 1145 4196 ⁸¹³Posthaec
1158 4147 1350 4195 autem
1362 4135 1670 4214 roga*bati
1694 4165 1707 4179 ·
1738 4134 1919 4190 maria
1946 4150 2086 4209 mag

805 4232 889 4289 uit
917 4231 1157 4306 pilatum
1227 4231 1405 4307 quida
1507 4228 1787 4287 *dalenae
1819 4258 1831 4271 ·
1864 4228 2023 4285 uenit

804 4324 1039 4383 nomine
1068 4323 1274 4400 ioseph

1546 4339 1719 4380 mane
1750 4339 1883 4379 cum
1912 4319 2103 4380 adhuc

2343 615 2616 674 tenebrae
2647 622 2840 673 essent
2868 613 2943 673 ad

2345 719 2794 768 monumentum
2817 739 2831 753 ·

2346 813 2404 862 et
2434 803 2576 860 uidit
2606 802 2860 880 lapidem

2345 906 2634 956 remotum
2663 915 2698 955 a
2725 915 2909 955 monu

2345 1000 2546 1050 mento
2571 1023 2585 1037 ·
2650 989 2865 1051 ²cucur

2346 1086 2416 1143 rit
2444 1104 2587 1161 ergo
2617 1095 2674 1143 et
2701 1087 2861 1145 uenit

2346 1179 2420 1237 ad
2450 1180 2737 1238 simonem
2767 1200 2842 1258 pe

2346 1283 2495 1331 trum
2554 1284 2612 1332 et
2641 1274 2716 1331 ad
2744 1275 2921 1333 aliurn

2346 1366 2693 1444 discipulum
2721 1374 2836 1444 que

2347 1462 2580 1520 amabat
2609 1462 2697 1519 ihs
2721 1494 2735 1507 ·
2796 1472 2855 1521 et
2881 1462 2959 1521 ait

2345 1554 2454 1613 illis
2474 1585 2488 1600 ·
2531 1556 2783 1614 tulerunt

2349 1648 2491 1707 dfim
2521 1649 2593 1708 de
2622 1668 2946 1708 monumen

2349 1753 2409 1801 to
2435 1773 2449 1787 ·
2509 1752 2565 1801 et
2593 1745 2884 1804 nescimus

2348 1836 2445 1893 ubi
2473 1849 2796 1913 posuerunt

2348 1949 2484 1988 eum
2508 1961 2521 1975 ·
2583 1931 2603 1963 ³
2621 1931 2817 1992 Exiuit
2845 1926 2986 2010 ergo

2348 2034 2545 2100 petrus
2576 2037 2632 2084 et
2661 2026 2804 2086 alius

2350 2119 2663 2196 discipulus
2682 2153 2695 2167 ·
2757 2132 2812 2180 et
2840 2140 2915 2180 ue

2351 2225 2561 2272 nerunt
2590 2215 2664 2273 ad
2698 2234 2881 2275 monu

2350 2318 2613 2366 mentum
2633 2341 2648 2355 ·
2713 2310 2734 2341 ⁴
2753 2329 2915 2370 curre

2351 2402 2491 2460 bant
2520 2421 2661 2480 ergo
2690 2405 2867 2465 ambo

2352 2535 2563 2610 pariter
2583 2567 2596 2581 ·
2668 2536 2762 2594 ille
2794 2536 2935 2596 alter

2352 2628 2666 2705 discipulus
2695 2649 2799 2705 pre

2351 2725 2524 2781 currit
2551 2724 2808 2783 uelocius

2351 2827 2518 2893 petro
2589 2829 2645 2876 et
2675 2820 2832 2876 uenit
2861 2820 2950 2895 pri

2351 2929 2420 2968 or
2449 2911 2524 2969 ad
2554 2919 2939 2992 monumentfi
2960 2946 2974 2960 ·

2352 3003 2374 3036 ⁶
2395 3015 2452 3062 et
2480 3007 2844 3081 prospiciens
2863 3039 2876 3053 ·
2908 3009 2967 3066 ui

2352 3098 2434 3156 dit
2460 3099 2782 3158 lintiamina
2810 3104 2937 3176 posi

2353 3202 2412 3251 ta
2481 3211 2604 3251 non
2634 3204 2829 3253 tamen
2860 3197 3009 3255 intro

2353 3288 2415 3345 iit
2439 3319 2452 3333 ·
2513 3286 2732 3346 “Uenit
2762 3307 2920 3365 ergo·

2352 3383 2544 3440 simon
2574 3393 2772 3458 petrus
2802 3402 2864 3442 se

2352 3495 2536 3554 quens
2561 3477 2754 3534 illum·
2815 3478 2892 3538 Et

2354 3571 2610 3629 introiuit
2640 3573 2697 3628 in
2728 3590 2907 3631 monu

2354 3675 2616 3722 mentum
2647 3696 2662 3711 ·
2719 3665 2800 3724 Ut
2833 3668 2892 3724 ui

2355 3760 2438 3817 dit
2465 3759 2784 3818 lintiamina
2813 3762 2941 3838 posi

2352 3863 2412 3912 ta
2449 3854 2471 3886 ⁷
2488 3864 2546 3912 et
2574 3855 2866 3913 sudarium

2355 3947 2514 4024 quod
2545 3946 2728 4006 suerat
2755 3968 2929 4025 super

2351 4042 2542 4117 capud
2573 4043 2753 4118 ipsius
2836 4062 2959 4103 non

2350 4155 2485 4195 eum
2515 4136 2925 4197 lintiaminibus

2349 4231 2606 4306 positum
2690 4231 2794 4289 sed
2825 4233 2913 4289 sin

2347 4323 2618 4400 gulariter
2647 4323 2906 4383 inuoluti}

3279 317 3445 381 [xlx.
3474 320 3697 383 31-XX.
3726 330 3805 384 15.

3094 610 3153 669 in
3182 627 3362 668 unum
3390 609 3587 669 locum
3607 641 3621 657 ·

3095 706 3116 738 ⁸
3136 704 3310 765 Tunc
3339 724 3480 781 ergo
3512 706 3682 765 introi

3097 800 3181 859 uit
3210 810 3266 858 et
3295 800 3439 857 alius
3470 800 3614 860 disci

3097 894 3268 971 pulus
3296 896 3393 970 qui
3424 913 3574 954 uene

3097 996 3182 1046 rat
3211 989 3370 1064 prior
3399 988 3473 1047 ad
3501 1000 3674 1047 m0nu

3096 1093 3358 1140 mentum
3385 1114 3398 1128 ·
3460 1094 3518 1141 et
3545 1084 3690 1142 uidit

3097 1186 3154 1233 et
3182 1177 3458 1235 credidit·
3517 1178 3679 1237 ⁹non

3099 1269 3240 1327 dum
3268 1271 3425 1328 enim
3455 1272 3675 1330 sciebat

3095 1365 3439 1439 scripturam
3468 1366 3627 1442 quod

3097 1468 3328 1533 oportet
3357 1459 3516 1517 illum
3545 1478 3580 1517 a

3100 1553 3341 1610 mortuis
3372 1571 3608 1629 resurge

3098 1663 3160 1703 re
3186 1676 3199 1691 ·
3245 1646 3288 1678 ¹⁰
3304 1646 3592 1706 Abierunt

3099 1757 3240 1816 ergo
3269 1740 3474 1799 iterum
3505 1742 3663 1818 apud

3099 1852 3163 1892 se
3191 1835 3454 1911 discipuli
3480 1867 3493 1881 ·
3558 1836 3600 1870 ¹¹
3620 1837 3802 1896 maria

3098 1938 3292 1986 autem
3324 1930 3509 1987 stabat
3536 1930 3612 1988 ad

3101 2034 3552 2082 monumentum

3101 2116 3340 2192 plorans
3369 2116 3510 2176 foris
3538 2128 3596 2177 et

3101 2210 3241 2269 dum
3269 2211 3531 2270 lacrimat
3554 2243 3569 2258 ·

3103 2307 3403 2380 prospexit
3432 2307 3491 2363 in
3523 2325 3707 2366 monn

3102 2412 3366 2458 mentum
3410 2398 3452 2433 ¹²
3468 2412 3525 2461 et
3553 2402 3697 2462 uidit

3104 2531 3254 2589 duos
3283 2533 3524 2608 angelos
3552 2534 3611 2592 in
3641 2534 3695 2592 al

3102 2626 3192 2684 bis
3222 2627 3488 2686 sedentes
3513 2659 3526 2672 ·
3588 2634 3712 2686 unii

3103 2720 3179 2779 ad
3209 2723 3400 2796 capud
3460 2733 3518 2781 et
3546 2724 3722 2781 alium

3103 2814 3178 2872 ad
3211 2816 3391 2890 pedes
3421 2817 3520 2874 ubi
3549 2819 3678 2893 posi

3104 2918 3226 2966 tum
3254 2909 3440 2969 fuerat
3470 2930 3681 2988 corpus

3104 3003 3203 3060 ihu
3223 3035 3236 3049 ·
3283 3004 3324 3037 ¹³
3347 3015 3403 3063 et
3433 3006 3634 3066 dicunt
3662 3006 3739 3066 illi
3761 3039 3775 3053 ·

3104 3098 3309 3156 mulier
3336 3100 3474 3174 quid
3502 3101 3695 3176 ploras
3719 3133 3734 3147 ·

3106 3211 3255 3268 quae
3287 3194 3430 3252 dixit
3512 3201 3655 3273 qum
3686 3213 3785 3256 sus

3106 3287 3357 3345 tulerunt
3387 3288 3527 3346 dfim
3556 3295 3694 3348 met]
3715 3321 3728 3335 ·

3105 3391 3163 3439 et
3192 3383 3390 3440 nescio
3419 3384 3515 3440 ubi
3548 3383 3694 3443 illu-

3104 3487 3457 3551 posuerunt·
3517 3476 3561 3511 ¹⁴
3581 3478 3749 3538 Haec

3106 3588 3241 3628 cum
3272 3571 3510 3631 dixisset
3538 3590 3651 3631 con

3106 3682 3274 3722 uersa
3302 3675 3390 3722 est
3412 3678 3566 3726 retro
3588 3699 3601 3713 ·
3627 3698 3641 3713 ·

3108 3769 3164 3816 et
3192 3759 3333 3816 uidit
3361 3759 3482 3818 ihm
3512 3772 3749 3821 stante·-
3770 3794 3785 3810 ·

3107 3863 3165 3911 et
3193 3855 3490 3912 nesciebat
3518 3857 3679 3932 quod

3109 3946 3197 4005 ihs
3228 3957 3380 4006 esset
3402 3981 3415 3994 ·
3477 3948 3521 3982 ¹⁸
3543 3952 3680 4009 dicit
3707 3951 3746 4010 il

3106 4040 3144 4098 li
3174 4041 3263 4099 ihs
3346 4044 3550 4101 mulier
3578 4045 3719 4120 quid

3104 4135 3298 4212 ploras
3321 4168 3334 4182 ·
3379 4157 3556 4214 quem
3585 4158 3699 4216 que

3105 4231 3180 4289 ris
3203 4262 3217 4276 ·
3261 4231 3376 4308 ⁴illa
3403 4245 3618 4309 putans
3646 4245 3771 4293 eu·-

3102 4323 3470 4384 hortulanum
3501 4346 3630 4387 esse

3823 613 3947 662 1³01.
3970 611 4099 662 249.
