4414 4917
586 328 780 380 xx111.
807 326 995 394 7-23·]
1914 322 2240 385 LUCAN
2258 353 2273 369 ·
3487 346 3613 413 ¹09

262 497 398 549 rol..
417 499 538 548 155.
585 502 673 552 est
692 526 705 541 ·
770 495 928 553 misit
956 494 1121 554 illum
1331 495 1409 556 Et
1435 515 1576 557 ecce
1604 515 1719 575 ego
1749 516 1949 559 coram

584 587 660 645 ad
688 588 966 648 herodem
990 621 1005 636 ·
1068 589 1167 666 qui
1312 593 1501 651 'uobis
1529 593 1745 653 interro

581 682 644 740 in
673 682 1081 759 hierosolymis
1331 705 1478 763 gans
1508 687 1725 745 nullam
1754 706 1865 747 cau

582 786 701 835 erat
720 777 779 834 in
801 776 890 834 ilis
911 777 1117 835 diebus
1136 806 1180 821 -
1333 797 1460 838 sam
1489 781 1725 840 inuenio
1756 783 1817 841 in

580 868 602 901 ⁸
620 869 893 929 Herodes
923 881 1118 929 autem
1146 872 1206 930 ui
1331 872 1446 932 hoc
1474 873 1709 934 homine
1738 876 1832 934 Ex

582 981 649 1022 so
678 963 777 1022 ihu
803 964 1066 1040 gauissus
1094 974 1181 1023 est
1333 968 1381 1026 is
1410 970 1619 1044 quibus
1653 988 1786 1028 eum
1819 988 1889 1030 ac

582 1057 749 1116 ualde
772 1089 785 1104 ·
855 1066 976 1117 erat
1002 1066 1099 1117 eni
1335 1063 1547 1121 cusatis
1608 1060 1653 1095 ¹⁶
1671 1065 1775 1123 sed
1806 1083 1880 1124 ne

580 1152 823 1228 cupiens
851 1152 1011 1211 illum
1037 1153 1098 1211 ui
1333 1175 1448 1234 que
1477 1157 1725 1217 herodes

584 1244 719 1303 dere
749 1263 821 1304 ex
852 1246 1036 1305 multo
1066 1255 1184 1304 tem
1333 1261 1460 1308 nam
1487 1252 1618 1310 misi
1644 1269 1753 1311 uos
1781 1253 1855 1312 ad
1886 1253 1922 1311 il

580 1357 723 1416 pore
783 1358 857 1399 eo
884 1340 1043 1418 quod
1072 1341 1240 1400 audie
1333 1342 1454 1402 lum
1517 1356 1573 1404 et
1603 1363 1738 1405 ecce
1767 1347 1909 1405 nihil

581 1442 668 1490 ret
697 1434 876 1491 multa
904 1434 977 1493 de
1006 1435 1103 1494 illo
1125 1466 1140 1481 ·
1332 1437 1573 1514 dignum
1602 1449 1788 1500 morte

581 1524 659 1583 Et
689 1528 957 1602 sperabat
985 1528 1155 1604 signifi
1333 1542 1526 1590 actum
1553 1544 1640 1592 est
1657 1534 1794 1592 illi-

582 1619 819 1697 aliquod
848 1621 1044 1680 uidere
1074 1624 1150 1681 ab
1331 1623 1377 1658 ¹⁶
1398 1626 1746 1687 Emendabo
1775 1639 1971 1689 autem

581 1730 654 1771 eo
686 1713 809 1772 fieri
829 1745 843 1760 ·
887 1715 909 1748 ⁹
928 1715 1157 1776 Interro
1332 1718 1492 1779 illum
1518 1731 1576 1780 et
1603 1722 1887 1782 dimitta-

579 1807 758 1883 gabat
785 1826 919 1866 eum
947 1810 1140 1868 multis
1332 1813 1377 1847 ¹⁷
1395 1813 1816 1876 Necessitatem
1845 1823 1977 1878 aute

580 1902 946 1973 sermonibus
971 1934 985 1950 ·
1049 1904 1130 1962 At
1333 1906 1586 1966 habebat
1614 1928 1719 1986 per
1749 1912 1844 1970 die

577 1994 703 2071 ipse
732 1995 872 2054 nihil
901 2015 1115 2075 respon
1332 2000 1540 2060 festum
1565 2003 1785 2064 dimitte

578 2088 755 2147 debat
779 2121 794 2136 ·
839 2090 883 2122 ¹⁰
904 2090 1148 2151 Stabant
1333 2114 1394 2154 re
1418 2095 1523 2155 illis
1548 2115 1732 2157 unum
1760 2100 1895 2158 uinc

577 2183 754 2242 etiam
782 2185 1077 2262 principes
1334 2198 1458 2247 turn
1478 2220 1492 2236 ·
1538 2190 1580 2223 ¹⁸
1597 2191 1882 2252 Exclama

578 2279 950 2337 sacerdotum
979 2288 1038 2338 et
1333 2283 1415 2342 uit
1442 2294 1638 2343 autem
1672 2286 1841 2346 simul

578 2372 765 2431 scribe
794 2382 1132 2433 constanter
1331 2378 1600 2437 uniuersa
1621 2381 1788 2439 turba

577 2514 920 2564 accusantes
949 2525 1084 2565 eum
1329 2509 1532 2569 dicens
1557 2542 1571 2557 ·
1630 2513 1768 2573 tolle
1789 2514 1948 2575 hunc

576 2594 619 2629 ¹¹
639 2597 868 2674 Spreuit
895 2608 1089 2659 autem
1118 2600 1155 2659 il
1327 2613 1385 2662 et
1414 2604 1633 2665 dimitte
1663 2608 1833 2667 nobis
1867 2610 1974 2668 bar

576 2690 697 2750 lum
727 2691 971 2753 herodes
1001 2701 1075 2754 cii
1328 2698 1521 2757 abban
1545 2730 1560 2745 ·
1604 2699 1648 2733 ¹⁹
1664 2703 1763 2778 qui
1790 2714 1912 2762 erat

576 2785 830 2845 exercito
865 2805 1007 2846 suo·
1051 2798 1109 2848 et
1328 2802 1566 2869 propter
1594 2794 1872 2856 seditione

576 2879 769 2938 inlusit
792 2911 807 2927 ·
851 2891 908 2940 et
940 2882 1084 2942 indu
1328 2887 1623 2961 quandam
1656 2888 1870 2949 factam

577 2981 699 3031 tum
728 2973 891 3032 illurn
924 2986 1086 3035 ueste
1328 2979 1389 3036 in
1417 2981 1643 3041 ciuitate
1714 2993 1772 3043 et
1800 2984 1961 3044 homi

577 3066 708 3125 alba
768 3069 988 3127 remisit
1015 3070 1113 3130 illu
1329 3072 1544 3133 cidiurn
1604 3077 1815 3136 missus
1843 3080 1905 3137 in

577 3160 649 3217 ad
685 3160 931 3236 pilatum
951 3194 965 3208 ·
1328 3183 1558 3227 carcere
1584 3201 1597 3215 ·
1625 3202 1638 3216 ·
1666 3203 1679 3217 ·
1724 3168 1769 3203 ²⁰
1788 3171 1988 3231 Iteru-

577 3249 624 3285 ι’
641 3254 814 3314 Tunc
843 3257 1013 3315 amici
1040 3256 1177 3318 facti
1328 3270 1522 3319 autem
1550 3263 1756 3339 pilatus
1782 3265 1918 3325 locu

576 3359 712 3407 sunt
741 3348 990 3411 herodes
1019 3363 1076 3411 et
1329 3363 1420 3412 tus
1449 3367 1540 3415 est
1567 3357 1641 3415 ad
1671 3359 1800 3418 illos
1865 3378 1944 3420 uo

576 3441 783 3517 pilatus
813 3443 939 3521 ipsa
957 3445 1048 3504 die
1073 3478 1088 3493 ·
1327 3447 1452 3508 lens
1482 3450 1765 3512 dimittere
1796 3454 1917 3512 ihm
1940 3487 1954 3503 ·

575 3534 730 3595 Nam
760 3547 894 3597 ante
923 3539 1138 3600 inimici
1325 3538 1448 3601 ²¹At
1469 3544 1545 3602 illi
1567 3546 2009 3610 subclamabant

573 3629 803 3689 fuerunt
833 3633 908 3691 ad
938 3635 1127 3694 inuice'
1153 3666 1167 3682 ·
1323 3635 1580 3699 dicentes
1638 3642 1926 3720 crucefige

574 3722 618 3756 ¹⁸
637 3723 855 3785 Pilatus
886 3738 1078 3787 autern
1110 3748 1223 3789 con
1323 3732 1613 3809 crucefige
1642 3734 1803 3794 illurn
1826 3769 1840 3784 ·
1860 3771 1904 3783 -

574 3820 796 3878 uocatis
825 3822 1010 3896 princi
1321 3823 1366 3855 ²²
1384 3825 1487 3884 Ille
1506 3838 1702 3887 autem
1721 3833 1887 3891 tertio
1909 3832 2006 3892 dix

572 3929 677 3988 pes
705 3915 1009 3975 sacerdotii
1320 3919 1363 3977 it
1391 3920 1466 3978 ad
1494 3922 1622 3982 illos
1679 3925 1818 4000 quid
1847 3933 1944 3984 eni

573 4015 629 4064 et
657 4009 1086 4084 magistratibus
1321 4015 1473 4075 male
1502 4015 1637 4075 fecit
1664 4018 1769 4079 iste
1832 4022 1933 4080 nul

574 4097 617 4131 ¹⁴
632 4099 772 4160 dixit
801 4103 878 4161 ad
908 4103 1033 4163 illos
1061 4124 1141 4182 op
1322 4107 1439 4167 lam
1467 4111 1623 4168 enim
1652 4130 1892 4173 causam

575 4194 775 4254 tulistis
804 4197 949 4255 mihi
976 4198 1133 4258 hunc
1323 4205 1522 4263 mortis
1551 4205 1787 4265 inuenio
1810 4209 1869 4266 in
1892 4228 1965 4270 eo
1984 4243 1997 4257 ·

575 4285 871 4349 hominem
897 4321 912 4337 ·
974 4294 1139 4367 quasi
1324 4296 1650 4373 Corripiam
1677 4318 1818 4376 ergo
1843 4302 1942 4363 illu

577 4388 864 4442 auertente
893 4387 1118 4461 populu
1331 4401 1389 4449 et
1417 4393 1730 4452 dimittam·
1756 4392 2003 4457 -ssAtilli
