4414 4917
572 351 665 402 XI.
686 351 915 413 33-X11.
945 346 1051 414 ²5·]

280 532 404 583 ποι.
427 533 548 581 188.
575 515 711 575 dico
740 515 800 574 in
830 533 948 593 qua
975 524 1145 592 potes

574 618 692 668 tate
720 609 866 669 haec
896 609 1048 669 facio
1074 641 1087 657 ·
1110 643 1153 653 -

1933 340 2237 403 MARC·
2263 372 2276 386 ·

1327 515 1422 575 hic
1451 525 1539 575 est
1567 517 1768 576 heres·
1829 519 1968 578 ueni

1326 619 1384 669 te
1413 611 1748 671 occidamus
1777 630 1914 671 eum

574 702 978 781 12.¹Etcoepit
996 703 1101 763 illis
1120 704 1181 763 in
1200 722 1277 781 pa
1327 714 1385 764 et
1413 718 1613 766 nostra
1641 707 1743 765 erit
1771 706 1910 767 here

577 799 794 858 rabolis
820 798 982 874 loqui
1013 831 1027 846 ·

575 892 829 952 Uineam
855 893 1056 969 planta

574 987 662 1046 uit
689 986 872 1046 homo
902 986 979 1045 Et
1008 987 1166 1047 circu

575 1080 734 1140 dedit
760 1099 965 1158 sepem
993 1080 1070 1139 Et

575 1174 718 1234 fodit
748 1175 945 1234 locum
975 1175 1051 1234 Et
1079 1194 1151 1235 ae

571 1268 826 1328 dificauit
846 1275 995 1328 ωτι-ἓ

573 1374 632 1422 et
659 1364 890 1423 tradidit
917 1382 1049 1423 eam
1078 1383 1151 1424 co

576 1457 725 1517 lonis
749 1489 764 1505 ·
836 1457 915 1517 Et
945 1477 1188 1536 peregre

575 1552 872 1628 profectus
900 1563 987 1612 est
1010 1584 1025 1600 ·

574 1642 598 1677 ²
617 1645 691 1704 Et
717 1647 874 1707 misit
903 1644 978 1705 ad
1007 1647 1257 1707 colonos

573 1740 635 1799 in
662 1749 928 1818 tempore
958 1759 1050 1800 ser

572 1851 714 1893 uum
742 1844 806 1892 ut
835 1834 1021 1894 fructt‘t

574 1947 646 1988 ex
674 1929 882 1989 uineae
912 1929 1140 1989 daretur

573 2023 628 2082 ei
645 2054 660 2069 ·
736 2022 759 2055 ⁸
776 2022 854 2082 Et
881 2024 1177 2101 adprehen

572 2134 703 2177 sum
732 2136 867 2181 eum
897 2117 1097 2178 cecide

572 2222 705 2270 runt
732 2221 792 2270 et
820 2211 1026 2271 dimise

572 2314 704 2364 runt
730 2322 983 2364 uacuum

574 2436 596 2469 ⁴
613 2445 672 2496 et
699 2436 906 2496 iterum
934 2436 1091 2496 misit
1118 2437 1194 2497 ad

575 2530 703 2589 illos
731 2530 909 2589 aliurn
940 2539 1112 2591 serut‘t
1132 2564 1146 2579 ·

575 2634 635 2683 et
661 2624 821 2683 illum
851 2626 1186 2685 ceciderunt

576 2728 635 2778 et
662 2719 1012 2779 contumelia
1040 2719 1174 2779 adse

577 2823 781 2872 cerunt
801 2845 816 2861 ·
838 2845 854 2861 ·
876 2845 890 2860 ·
932 2812 957 2847 ⁸
980 2812 1058 2872 Et
1085 2815 1234 2874 iterii

578 2906 751 2966 alium
775 2908 932 2966 misit
959 2915 1131 2967 serufi

579 3010 638 3060 et
665 3001 823 3059 illum
846 3002 1181 3062 ceciderunt

577 3105 636 3153 et
661 3095 854 3172 plures
882 3096 1028 3156 alios
1056 3115 1210 3174 quos

577 3188 714 3248 dam
742 3188 1073 3249 ceciderunt
1095 3223 1111 3239 ·

575 3293 633 3343 et
661 3284 951 3360 quosdam
980 3286 1127 3344 inter

576 3376 834 3439 fecerunt
850 3409 865 3427 ·
892 3411 905 3427 ·
932 3410 946 3426 ·
991 3379 1012 3412 ⁶
1030 3379 1243 3440 Adhuc

577 3489 721 3549 ergo
750 3491 885 3532 cum
914 3472 1156 3533 haberet

576 3565 758 3626 filium
786 3566 1026 3626 unicum
1056 3567 1114 3625 di

574 3659 789 3719 lectum
814 3693 828 3706 ·
914 3671 973 3720 et
1002 3662 1181 3721 filium

575 3754 732 3812 misit
758 3755 1145 3813 nouissima-

577 3847 778 3907 dicens
803 3879 817 3895 ·
899 3849 1098 3926 utique
1127 3849 1168 3908 fi

575 3940 719 3999 lium
745 3959 943 4001 meum
973 3961 1109 4001 reue

576 4035 927 4096 rebuntur.·.
979 4036 1155 4097 ''colo

574 4129 635 4186 ni
663 4138 856 4188 autem
886 4130 964 4189 illi
982 4162 997 4178 ·
1068 4131 1201 4192 dixe

574 4232 708 4282 runt
734 4224 811 4284 ad
839 4225 1092 4286 inuicem

1264 856 1276 866 ,
1315 798 1508 886 ditas·
1581 800 1799 878 ⁸quem
1828 801 1904 860 ad

1326 893 1679 971 prehensum
1707 894 1912 955 occide

1326 997 1460 1046 runt
1488 1006 1625 1046 eum
1648 1021 1662 1036 ·
1732 1000 1792 1048 et
1818 1009 1926 1068 pro

1326 1081 1584 1141 iecerunt
1612 1101 1747 1143 eum
1776 1094 1940 1143 extra

1326 1176 1562 1234 uineam
1582 1208 1597 1223 ·
1660 1177 1682 1210 ⁹
1703 1178 1843 1253 quid
1869 1197 2013 1255 ergo

1326 1268 1498 1330 faciet
1525 1270 1634 1330 dfis
1662 1272 1868 1330 uineae
1888 1303 1903 1319 ·

1325 1365 1520 1423 ueniet
1547 1374 1605 1423 et
1632 1365 1835 1441 perdet

1328 1458 1576 1517 colonos
1606 1468 1663 1517 et
1691 1458 1851 1517 dabit
1878 1459 1938 1518 ui

1329 1569 1506 1611 neam
1533 1552 1657 1611 aliis
1676 1583 1690 1598 ·
1774 1550 1821 1585 ¹⁰
1837 1552 1895 1612 N
1898 1573 1966 1614 ec

1329 1646 1669 1722 scripturam
1693 1646 1847 1705 hanc

1325 1738 1545 1815 legistis
1626 1740 1878 1818 lapidem

1330 1851 1508 1910 quem
1537 1836 1858 1910 reprobaue

1328 1938 1463 1985 runt
1491 1927 1863 1988 aedificantes

1330 2020 1424 2080 hic
1454 2020 1640 2080 factus
1668 2033 1756 2082 est
1783 2024 1844 2081 in
1874 2041 1945 2083 ca

1329 2125 1434 2193 put
1463 2116 1692 2193 anguli·
1768 2118 1807 2150 ¹¹
1825 2136 1861 2177 a
1889 2118 2009 2178 dfio

1327 2208 1512 2268 factus
1540 2219 1629 2269 est
1655 2210 1799 2270 istae

1327 2314 1386 2363 et
1413 2314 1501 2362 est
1529 2305 1805 2365 mirabilis
1831 2306 1893 2364 in

1330 2434 1516 2494 oculis
1544 2437 1756 2498 nostris
1775 2470 1788 2484 ·
1808 2472 1892 2482 -

1327 2525 1371 2560 ¹²
1386 2529 1463 2588 Et
1490 2532 1849 2607 quaerebant
1875 2551 2010 2593 eum

1327 2631 1520 2683 tenere
1551 2636 1609 2684 et
1639 2626 1814 2686 timue

1326 2727 1461 2775 runt
1489 2720 1716 2778 turbam
1735 2752 1749 2768 ·

1328 2823 1728 2889 cognouerunt

1327 2906 1485 2965 enim
1516 2913 1658 2983 qum
1687 2908 1762 2967 ad
1790 2909 1918 2970 illos

1327 3000 1667 3078 parabolam
1695 3002 1837 3062 dixit
1858 3034 1873 3051 ·

1330 3092 1448 3165 Qui
1474 3094 1676 3154 relicto
1703 3115 1779 3156 eo
1809 3097 1945 3157 habi

1325 3198 1492 3246 erunt
1515 3220 1529 3235 ·
1602 3187 1648 3222 ¹³
1664 3200 1722 3249 et
1749 3192 1980 3251 mittunt

1326 3281 1615 3358 quosdam
1643 3302 1716 3344 ex
1746 3286 1865 3362 pha

1326 3376 1489 3436 riseis
1573 3387 1631 3437 et
1660 3378 1865 3439 herodi

1329 3471 1456 3530 anis
1482 3480 1547 3529 ut
1572 3490 1708 3531 eum
1737 3490 1849 3551 cap

1327 3574 1516 3624 tarent
1541 3567 1726 3625 uerbo
1743 3601 1824 3611 —

1327 3657 1371 3692 ¹⁴
1390 3658 1469 3718 Et
1494 3659 1572 3717 illi
1599 3661 1903 3722 uenientes

1328 3753 1830 3830 interrogauerunt

1327 3866 1464 3907 eum
1493 3848 1736 3908 subdole
1754 3882 1767 3898 ·

1331 3939 1614 4018 Magister
1643 3943 1860 4002 scimus

1330 4036 1467 4112 quia
1493 4055 1671 4095 uerax
1702 4055 1766 4097 es
1788 4070 1803 4084 ·

1329 4139 1387 4189 et
1414 4130 1487 4190 de
1515 4130 1676 4190 nullo
1702 4132 1806 4190 tibi
1834 4151 1909 4191 cu

1327 4242 1392 4283 ra
1419 4234 1508 4284 est
1530 4257 1544 4272 ·
1626 4243 1741 4286 nec
1770 4226 1925 4285 enim

2129 519 2372 596 respicis
2402 518 2461 577 in
2491 530 2588 598 per

2132 631 2312 673 sonas
2341 613 2506 673 homi

2129 725 2275 766 num
2304 708 2407 767 sed
2437 708 2498 767 in
2526 726 2599 768 ue

2129 802 2292 861 ritate
2321 803 2480 861 uiam
2509 802 2568 861 di

2130 894 2312 955 doces
2331 927 2345 943 ·
2417 895 2530 955 Die
2553 915 2615 956 er

2129 1006 2210 1066 go
2241 990 2412 1049 nobis
2441 990 2487 1049 si
2517 990 2650 1051 licet

2130 1084 2408 1144 tributum
2437 1084 2558 1143 dari
2586 1105 2656 1146 ce

2131 1180 2245 1236 sari
2328 1177 2534 1237 demus
2562 1190 2661 1238 aut

2130 1290 2254 1332 non
2284 1272 2490 1332 demus
2508 1305 2524 1321 ·
2584 1272 2628 1307 ¹⁵
2644 1275 2724 1333 At

2129 1366 2221 1425 ihs
2250 1384 2385 1425 cum
2412 1367 2651 1428 uidisset

2130 1461 2415 1519 uersutias
2442 1460 2541 1520 illo

2131 1572 2262 1614 rum
2332 1556 2412 1613 ait
2439 1554 2549 1615 illis

2129 1648 2272 1726 quid
2300 1666 2396 1708 me
2424 1658 2604 1708 temta

2131 1743 2205 1803 tis
2235 1742 2574 1820 hypocritae
2596 1770 2610 1784 ·

2129 1835 2348 1896 adferte
2376 1836 2518 1895 mihi
2549 1836 2622 1897 de

2132 1930 2358 1988 narium
2387 1939 2451 1988 ut
2479 1931 2652 1991 uidea

2129 2022 2174 2056 ¹⁶
2191 2034 2251 2082 at
2277 2024 2357 2082 illi
2385 2024 2694 2083 attulerunt
2711 2055 2726 2071 ·

2123 2120 2201 2180 Et
2230 2119 2310 2177 ait
2337 2118 2446 2177 illis
2528 2119 2692 2179 cuius

2125 2222 2216 2272 est
2243 2213 2441 2288 imago
2471 2212 2621 2273 haec

2124 2318 2183 2366 et
2202 2307 2502 2385 inscriptio

2122 2439 2324 2500 dicunt
2350 2438 2403 2499 ei
2432 2457 2538 2499 cae

2123 2533 2267 2593 saris
2291 2564 2304 2580 ·
2370 2532 2414 2565 ¹⁷
2433 2532 2680 2610 Respon

2122 2627 2271 2686 dens
2299 2636 2494 2687 autem
2523 2627 2613 2686 ihs

2124 2720 2268 2780 dixit
2295 2720 2405 2779 illis
2427 2746 2443 2762 ·
2485 2720 2648 2780 reddi

2124 2824 2178 2874 te
2207 2833 2353 2892 ergo
2381 2833 2532 2893 quae
2560 2824 2697 2875 sunt

2122 2910 2373 2969 caesaris
2401 2911 2619 2969 caesari
2636 2941 2719 2955 —

2120 3013 2180 3062 et
2209 3021 2358 3082 quae
2388 3014 2524 3063 sunt
2552 3005 2612 3064 di
2639 3003 2717 3063 d6

2119 3109 2179 3157 et
2206 3098 2567 3157 mirabantur
2594 3116 2664 3157 su

3464 362 3585 428 129

2883 528 2942 579 et
2969 519 3119 581 filios
3145 538 3272 582 non

2883 614 3171 692 reliquerit
3191 648 3205 663 ·

2881 705 2965 766 Ut
2990 709 3238 786 accipiat
3264 709 3438 770 frater

2882 802 3005 860 eius
3033 820 3279 862 uxorem
3306 805 3431 864 eius

2880 904 2939 953 et
2967 897 3261 956 resuscitet
3288 909 3483 957 semen

2883 987 3038 1048 fratri
3068 1008 3177 1049 suo
3197 1023 3211 1038 ·
3273 988 3319 1023 ²⁰
3341 992 3463 1052 Fue

2883 1092 3017 1141 runt
3045 1083 3204 1160 apud
3230 1103 3343 1146 nos
3371 1104 3478 1164 sep

2883 1185 3004 1234 tem
3030 1175 3234 1237 fratres
3316 1189 3375 1238 et
3402 1181 3491 1256 pri

2884 1287 3018 1329 mus
3046 1272 3271 1349 accepit
3296 1279 3478 1333 uxore

2883 1371 2943 1422 et
2969 1374 3233 1425 mortuus
3260 1376 3350 1425 est
3374 1385 3498 1427 non

2884 1455 3087 1517 relicto
3114 1460 3337 1519 semine
3358 1492 3373 1508 ·

2884 1547 2928 1582 ²¹
2947 1550 3024 1609 Et
3045 1552 3335 1613 secundus
3362 1556 3590 1632 accepit

2884 1661 3016 1704 eam
3044 1655 3102 1704 et
3129 1657 3391 1708 mortuus

2883 1747 2975 1796 est
3054 1748 3113 1798 et
3138 1757 3250 1800 nec
3278 1740 3370 1800 ille
3397 1760 3458 1802 re

2885 1831 3049 1908 liquit
3077 1850 3277 1893 semen
3301 1863 3314 1878 ·
3385 1833 3465 1895 Et

2885 1925 3080 1984 tertius
3111 1926 3367 1987 similiter

2881 2015 3018 2077 ”Et
3047 2032 3396 2098 acceperunt
3424 2040 3560 2083 eam

2882 2121 3104 2191 septem
3126 2146 3139 2161 ·
3226 2117 3402 2176 nouis

2881 2207 3027 2266 sime
3054 2218 3251 2268 autem
3279 2228 3381 2270 om

2879 2301 3043 2360 nium
3073 2313 3304 2363 mortua

2877 2443 2966 2493 est
2994 2443 3051 2495 et
3077 2435 3283 2496 mulier
3308 2469 3322 2484 ·

2876 2524 2921 2560 ²³
2943 2527 3016 2586 In
3048 2531 3398 2591 resurrectio

2878 2639 2952 2679 ne
2973 2653 2987 2668 ·
3059 2639 3196 2682 cum
3224 2642 3287 2683 re

2877 2724 3116 2791 surgent
3144 2716 3310 2776 cuius

2877 2807 3110 2868 illorum
3136 2809 3242 2868 erit
3271 2829 3351 2871 ux

2877 2920 2945 2962 or
2968 2935 2981 2949 ·
3048 2911 3274 2981 septem
3301 2912 3400 2966 eni

2879 2996 3203 3058 habuerunt
3244 2998 3341 3057 illa

2879 3109 3123 3152 uxorem
3142 3123 3155 3138 ·
3218 3090 3265 3127 ²⁴
3282 3093 3360 3153 Et
3389 3114 3450 3156 re

2120 3211 2226 3270 per
2250 3211 2386 3252 eum
2407 3224 2420 3240 .
2448 3226 2462 3239 .
2488 3225 2502 3240 .
2533 3190 2577 3227 ²⁸
2593 3192 2671 3252 Et
2699 3212 2773 3254 ue
2854 3185 3152 3261 spondens
3179 3186 3269 3245 ins
3295 3188 3378 3249 ait

2120 3296 2329 3345 nerunt
2356 3287 2433 3346 ad
2461 3305 2597 3347 eum
2625 3288 2732 3348 sad

2120 3380 2329 3440 ducaei
2357 3381 2457 3458 qui
2487 3381 2687 3441 dicunt

2121 3475 2605 3535 resurrectionem

2125 3588 2252 3629 non
2280 3587 2411 3629 esse
2433 3601 2449 3619 ·
2519 3569 2596 3630 Et
2624 3570 2687 3629 in

2123 3664 2497 3740 terrogabant
2523 3675 2648 3722 eu-

2126 3757 2387 3817 dicentes
2412 3784 2425 3798 ·
2498 3757 2542 3792 ¹⁹
2559 3759 2749 3835 magis

2124 3861 2209 3911 ter
2289 3868 2523 3928 moyses
2552 3852 2707 3929 scrip

2127 3945 2200 4003 sit
2228 3944 2399 4004 nobis
2480 3945 2645 4022 quod
2673 3947 2721 4005 si

2126 4038 2367 4099 alicuius
2393 4037 2565 4098 frater

2127 4142 2390 4193 mortuus
2418 4132 2585 4194 fuerit

2163 4236 2186 4284 t
2214 4226 2478 4288 habuerit
2505 4234 2691 4290 uxore

2876 3277 2990 3337 illis
3013 3312 3027 3326 ·
3097 3296 3221 3340 non
3250 3279 3384 3341 ideo

2882 3374 3082 3434 erratis
3112 3373 3364 3450 ignorari

2883 3476 2971 3525 tes
2999 3467 3314 3544 scripturas

2881 3570 2939 3619 et
2966 3561 3238 3621 uirtutem
3266 3561 3328 3621 di
3347 3594 3362 3611 ·

2881 3651 2927 3687 ²⁸
2945 3654 3097 3714 Cum
3124 3655 3282 3715 enim
3310 3674 3347 3717 a
3376 3673 3507 3717 mor

2882 3749 2997 3807 tuis
3023 3766 3287 3809 resurrex

2880 3842 3030 3902 erint
3112 3862 3342 3921 nequae

2881 3938 3108 3997 nubunt
3175 3954 3367 4016 neque

2883 4033 3172 4092 nubentur
3190 4064 3206 4080 ·
3291 4032 3396 4093 sed

2883 4134 3019 4184 sunt
3047 4125 3196 4186 sicut
3223 4144 3380 4203 ange

2882 4218 2921 4277 li
2950 4218 3010 4277 in
3039 4218 3214 4281 caelis
3231 4252 3248 4269 ·

3213 4334 3242 4375 s

3611 525 3737 574 Pol.
3758 525 3882 575 189.
