4414 4917
1701 431 2156 494 EDJTORJS
2197 433 2565 494 NOTULA
2580 435 2662 494 E.
3158 404 3162 407 Α
3414 444 3537 516 153

835 605 880 658 F
884 606 952 659 ol.
983 605 1084 659 126
1100 605 1154 659 1).
1216 620 1236 660 1
1251 620 1295 659 1.
1334 605 1673 660 infirmitatis
1692 622 1767 659 ex
1781 606 2057 662 infirmitis
2076 608 2325 661 correxit
2337 624 2410 661 m.
2414 611 2481 678 p.
2550 622 2629 674 14.
2657 606 2956 676 indignans
2971 624 3046 660 ex
3059 606 3282 676 indigns
3296 608 3545 662 correxit

974 704 1047 741 m.
1052 691 1117 759 p.

836 783 881 836 F
885 783 955 836 ol.
986 782 1087 836 127
1102 783 1157 837 b.
1196 796 1281 850 23.
1319 793 1373 838 et
1398 799 1623 836 erasum
1648 789 1745 836 est.

837 878 954 932 Fol.
984 877 1102 931 128.
1157 892 1242 946 30.
1280 878 1570 933 nouissimi
1596 879 1834 933 secundo
1871 879 2004 947 loco,
2041 882 2106 933 in
2142 897 2356 934 rasura
2392 880 2486 951 qui
2524 896 2661 936 erun
2699 881 2855 950 quod
2885 882 3115 934 incuria
3149 881 3549 950 duplicauerat

976 977 1049 1014 m.
1055 965 1140 1032 p.,
1165 961 1235 1014 ab
1257 962 1446 1016 eadem
1485 978 1663 1015 manu
1699 964 1974 1032 scriptum
2011 970 2108 1018 est.
2182 977 2268 1031 34.
2308 963 2632 1020 Hirusalem
2669 981 2742 1018 m.
2749 968 2834 1035 p.,
2861 981 2892 1018 e
2926 968 3200 1035 superscr.
3225 981 3369 1018 corr.
3394 981 3468 1018 m.
3475 967 3544 1034 p.

976 1060 1311 1114 congregare
1333 1062 1408 1099 ex
1428 1062 1767 1115 congragare
1790 1047 2038 1100 correxit
2059 1063 2133 1100 m.
2138 1050 2203 1116 p.

837 1151 882 1204 F
885 1152 955 1206 ol.
985 1151 1086 1205 128
1099 1153 1152 1207 b.
1207 1153 1289 1207 14.
1328 1167 1377 1221 3.
1417 1154 1611 1208 sabato
1637 1154 1851 1223 m.p.‚b
1869 1158 2144 1225 superscr.
2159 1172 2303 1209 corr.
2324 1172 2397 1209 m.
2404 1159 2470 1227 p.
2544 1169 2593 1223 7.
2630 1157 2911 1226 elegerunt
2928 1172 3002 1210 ex
3016 1156 3283 1226 eligerunt
3301 1157 3550 1211 correxit

978 1253 1051 1288 m.
1054 1239 1122 1306 p.

840 1330 885 1383 F
888 1331 956 1385 ol.
986 1330 1105 1384 129.
1164 1344 1244 1385 12.
1281 1332 1383 1387 scis
1408 1349 1481 1385 m.
1490 1335 1569 1402 p.,
1594 1350 1629 1386 a
1654 1336 1926 1402 superscr.
1953 1349 2095 1387 corr.
2123 1351 2195 1387 m.
2204 1338 2268 1405 p.

840 1426 885 1479 F
889 1426 958 1480 ol.
988 1426 1107 1482 130.
1159 1442 1245 1482 22.
1284 1446 1311 1483 s
1335 1439 1421 1482 est
1444 1430 1508 1481 in
1533 1428 1688 1484 locus
1712 1437 1816 1498 est,
1842 1430 1906 1482 in
1930 1446 2140 1483 rasura
2162 1431 2439 1501 scriptum
2464 1436 2549 1485 est
2570 1449 2607 1483 a
2632 1447 2705 1484 m.
2714 1435 2777 1501 p.

982 1524 1012 1563 2
1021 1522 1067 1579 5.
1109 1512 1275 1566 Ibant
1301 1514 1435 1567 bant
1459 1529 1531 1565 m.
1540 1515 1621 1581 p.,
1646 1513 1949 1566 secundum
1974 1513 2110 1567 bant
2123 1514 2481 1583 perlineauit
2501 1520 2557 1568 et
2577 1517 2862 1584 expunxit
2882 1531 3026 1569 corr.
3052 1531 3125 1568 m.
3132 1517 3196 1583 p.

843 1606 888 1659 F
891 1607 961 1660 ol.
991 1606 1093 1661 130
1111 1608 1165 1662 b.
1218 1621 1304 1675 27.
1341 1625 1418 1662 nn
1444 1612 1606 1679 ηιμ,
1632 1625 1667 1663 o
1691 1612 1965 1678 superscr.
1990 1625 2133 1663 corr.
2160 1626 2234 1663 m.
2242 1613 2309 1680 p.

844 1702 889 1755 F
892 1704 961 1757 ol.
990 1703 1107 1757 131.
1167 1704 1249 1758 15.
1295 1718 1339 1758 1.
1379 1706 1516 1759 Erat
1541 1721 1615 1758 m.
1625 1708 1708 1774 p.,
1734 1722 1771 1758 n
1797 1708 2071 1774 superscr.
2097 1722 2242 1761 corr.
2268 1721 2341 1758 m.
2350 1709 2415 1775 p.
2440 1706 2620 1760 minio
2645 1723 2800 1760 usus.

844 1799 889 1852 F
891 1799 960 1853 ol.
991 1798 1088 1853 131
1111 1800 1165 1854 b.
1221 1801 1273 1855 6.
1304 1817 1358 1855 -e
1395 1801 1459 1854 in
1496 1817 1714 1855 mecum
1750 1817 1826 1856 ex
1857 1800 1873 1854 i
1911 1803 2160 1855 correxit
2193 1818 2267 1855 m.
2279 1804 2342 1871 p.
2439 1815 2491 1870 9.
2543 1813 2777 1858 couocat
2814 1820 2887 1856 m.
2896 1805 2979 1873 p.‚
3018 1821 3054 1857 n
3091 1805 3363 1872 superscr.
3400 1818 3546 1856 corr.

984 1900 1057 1936 m.
1086 1896 1135 1950 3.

846 1979 888 2031 F
893 1979 962 2032 ol.
991 1978 1110 2033 132.
1147 1980 1220 2033 In
1256 1982 1437 2050 capite
1465 1981 1718 2050 paginae
1751 1981 1983 2050 scripsit
2016 1997 2089 2033 m.
2119 1995 2166 2033 2.
2194 1980 2438 2035 seconda
2479 1981 2786 2036 domeneca
2829 1992 2955 2052 post
2991 1993 3075 2035 XL
3110 1987 3179 2034 ut
3210 1980 3386 2035 credo.
3465 1994 3547 2034 12.

985 2062 1214 2132 contigit
1251 2079 1324 2116 m.
1340 2067 1424 2133 p.,
1450 2080 1487 2116 n
1513 2067 1684 2133 super
1704 2081 1741 2133 g
1764 2064 1995 2133 scripsit
2016 2080 2156 2118 corr.
2178 2080 2251 2117 m.
2270 2078 2321 2132 3.
2436 2078 2515 2132 13.
2539 2077 2619 2131 14.
2670 2064 2910 2120 -oriosae
2942 2063 2950 2134 Ι
2984 2066 3058 2119 Et
3093 2074 3390 2134 postquam
3427 2080 3545 2118 om-

983 2147 1048 2199 in
1072 2163 1282 2200 rasura
1304 2147 1578 2217 scriptum
1602 2152 1687 2200 est
1709 2165 1746 2200 a
1770 2164 1844 2200 ηι
1855 2150 1920 2216 μ

849 2242 965 2295 Fol.
996 2241 1096 2294 132
1112 2242 1168 2296 b.
1211 2256 1291 2310 19.
1328 2252 1552 2296 tuorum
1578 2242 1899 2311 duplicauit
1926 2244 2155 2296 incuria
2190 2259 2267 2295 m.
2276 2246 2388 2312 p.,·
2420 2243 2724 2298 secundum
2762 2254 2982 2297 tuorum
3006 2242 3363 2314 perlineauit
3381 2248 3437 2297 et
3457 2258 3545 2297 ex·

845 2318 851 2323 ⁴
975 2327 1200 2394 punxit
1232 2342 1377 2380 corr.
1402 2329 1547 2395 ηιμ
1623 2340 1707 2379 20.
1739 2335 1862 2380 eset
1900 2342 1974 2379 m.
1983 2329 2066 2395 p.‚
2102 2343 2129 2381 s
2164 2329 2441 2395 superscr.
2466 2343 2611 2380 corr.
2638 2343 2712 2380 m.
2718 2331 2783 2398 p.
2860 2328 2934 2382 Et
2971 2332 3102 2380 ante
3135 2327 3448 2381 Accurrens
3484 2326 3550 2379 in

987 2410 1247 2480 margine
1269 2408 1529 2464 additum
1554 2414 1637 2464 est
1659 2427 1696 2463 a
1722 2412 1866 2479 ηιμ
1938 2408 2126 2465 cicidit
2150 2410 2379 2479 scripsit
2390 2411 2588 2480 primo
2606 2428 2680 2466 m.
2683 2415 2749 2483 p.
2758 2428 2792 2477 ,·
2815 2409 3028 2478 deinde,
3042 2427 3207 2465 erasa
3227 2409 3260 2478 i,
3278 2413 3553 2482 superscr.

986 2509 1018 2546 e
1043 2509 1183 2546 corr.
1212 2510 1283 2546 m.
1291 2496 1352 2562 p.

851 2588 967 2643 Fol.
996 2587 1115 2642 133.
1166 2603 1252 2655 24.
1288 2598 1552 2660 coperunt
1577 2605 1647 2641 m.
1657 2592 1742 2659 μ,
1766 2606 1799 2643 e
1822 2591 2094 2657 superscr.
2122 2605 2266 2642 corr.
2294 2605 2367 2643 m.
2378 2592 2439 2658 p.

851 2684 893 2736 F
897 2685 966 2738 ol.
995 2683 1096 2737 133
1113 2685 1165 2738 b.
1220 2699 1303 2754 29·
1340 2701 1372 2738 c
1403 2685 1468 2738 in
1504 2683 1704 2738 amicis
1735 2685 1801 2737 in
1837 2702 1952 2738 ras.
1981 2702 2008 2739 s
2044 2686 2257 2754 scripta
2287 2689 2370 2738 est
2404 2703 2441 2738 a
2478 2689 2620 2755 ηιμ
2696 2699 2782 2753 3ο.
2820 2685 2971 2740 illum
3008 2684 3330 2756 duplicauit
3369 2701 3440 2738 m.
3448 2686 3511 2754 p.
3520 2701 3552 2748 ,-

976 2768 1232 2836 priorem
1258 2767 1408 2822 illum
1423 2767 1778 2838 perlineauit
1797 2774 1854 2821 et
1872 2769 2153 2838 expunxit
2173 2785 2318 2822 corr.
2343 2785 2414 2820 m.
2422 2771 2487 2837 p.
2577 2768 2661 2823 16.
2703 2782 2745 2823 1.
2785 2780 2840 2824 et
2854 2770 3053 2839 primo
3077 2768 3211 2834 Ioco,
3234 2769 3299 2821 in
3324 2784 3437 2822 ras.
3464 2765 3553 2821 ins

988 2852 1262 2921 scrzptum
1286 2857 1370 2905 est
1390 2870 1427 2905 a
1454 2868 1529 2904 m.
1535 2854 1600 2920 p.

852 2948 894 3000 F
898 2948 967 3001 ol.
997 2946 1116 3000 134.
1170 2962 1222 3013 4.
1259 2964 1327 3001 ca
1344 2948 1407 3000 in
1433 2946 1744 3001 uilicatione
1763 2948 1825 2999 in
1849 2963 2058 3000 rasura
2082 2947 2362 3016 scriptum
2386 2953 2470 3002 est
2484 2964 2522 2999 a
2542 2950 2683 3018 ηιμ
2725 2947 3031 3003 domosuas
3050 2965 3123 3002 m.
3132 2950 3213 3018 p.,
3232 2964 3259 3001 s
3278 2948 3552 3016 superscr.

988 3046 1134 3087 corr.
1172 3033 1318 3101 ηιμ
1388 3030 1440 3084 6.
1480 3029 1837 3100 cinquaginta
1874 3034 2037 3101 ηιμ,
2065 3036 2133 3084 ut
2164 3030 2364 3096 credo,·
2412 3030 2777 3102 qinquaginta
2812 3047 2957 3086 corr.
2995 3048 3068 3086 m.
3095 3045 3144 3099 3.
3220 3042 3269 3096 7.
3310 3028 3556 3084 uctuinta

990 3131 1064 3168 m.
1073 3117 1156 3183 μ,
1181 3114 1340 3184 quod
1360 3131 1503 3169 corr.
1530 3131 1603 3166 m.
1632 3128 1663 3182 3
1687 3114 1752 3167 in
1786 3113 2106 3183 octuaginta
2141 3114 2398 3168 mutauit
2431 3113 2705 3168 mutando
2732 3132 2769 3169 u
2798 3115 2862 3168 in
2894 3131 2930 3169 o
2958 3120 3127 3184 atque
3147 3132 3182 3168 a
3215 3120 3272 3168 et
3293 3131 3330 3183 g
3361 3116 3554 3182 super·

990 3198 1292 3252 scribendo.

855 3294 970 3347 Fol.
999 3293 1101 3346 134
1120 3293 1175 3347 b.
1225 3307 1273 3361 9.
1314 3293 1437 3346 cula
1451 3294 1515 3345 in
1535 3292 1890 3346 tabernacula
1914 3291 2237 3362 duplicauit
2260 3309 2332 3347 m.
2346 3296 2426 3363 p.‚
2445 3294 2713 3355 incuria,·
2737 3293 2915 3347 erasit
2934 3291 3237 3347 secundum
3262 3293 3386 3346 cula
3409 3307 3552 3346 corr.

993 3393 1066 3430 m.
1076 3378 1158 3445 p.‚
1183 3381 1352 3445 atque
1385 3377 1450 3428 in
1474 3392 1683 3429 rasura
1707 3378 1989 3445 punctum
2014 3377 2385 3446 primamque
2418 3377 2697 3446 sequentis
2722 3376 2881 3430 uerbi
2902 3375 3153 3429 litteram
3178 3376 3393 3443 posuit.
3473 3387 3554 3427 10.

995 3458 1172 3514 inicus
1198 3462 1359 3528 ηιμ,
1387 3476 1422 3512 u
1451 3462 1725 3528 superscr.
1751 3475 1895 3513 corr.
1921 3462 2063 3528 ηιμ
2161 3472 2243 3526 13.
2280 3470 2495 3514 aterum
2530 3462 2699 3529 ηιμ,
2724 3460 2742 3513 l
2766 3462 3039 3530 superscr.
3065 3474 3209 3511 corr.
3235 3473 3305 3511 m.
3311 3460 3375 3527 p.
3473 3470 3551 3522 14.

995 3544 1173 3596 Prior
1194 3542 1232 3596 d
1256 3543 1319 3596 in
1346 3541 1670 3597 deridebant
1695 3543 1759 3594 in
1785 3558 1996 3595 rasura
2019 3542 2233 3611 scripta
2256 3549 2352 3597 est.

858 3641 900 3693 F
904 3641 972 3694 ol.
1003 3638 1120 3692 135.
1177 3652 1263 3691 21.
1300 3637 1470 3693 diutis
1495 3642 1661 3708 ηιμ,
1689 3637 1705 3691 i
1732 3640 2009 3706 superscr.
2034 3654 2178 3692 corr.
2206 3655 2281 3692 m.
2287 3642 2353 3709 p.

863 3741 901 3794 F
904 3741 973 3794 ol.
1004 3738 1105 3793 135
1119 3739 1174 3793 b.
1231 3752 1316 3804 24.
1354 3738 1440 3808 ips
1475 3755 1547 3792 m.
1554 3743 1639 3810 p.‚
1663 3756 1694 3793 e
1719 3742 1994 3808 superscr.
2020 3754 2162 3792 corr.
2188 3755 2262 3791 m.
2266 3740 2331 3808 p.
2407 3749 2491 3806 25.
2531 3753 2564 3790 u
2598 3738 2662 3789 in
2696 3753 2829 3791 uero
2864 3737 2928 3789 in
2965 3750 3175 3789 rasura
3210 3734 3423 3803 scripta
3456 3738 3556 3788 est.

996 3822 1082 3875 26.
1121 3821 1376 3877 stablitus
1401 3839 1474 3875 m.
1482 3826 1565 3892 p.,
1592 3821 1608 3876 i
1632 3826 1902 3892 superscr.
1930 3838 2073 3876 corr.
2099 3837 2173 3875 m.
2190 3824 2249 3890 p.
3562 3832 3577 3839 “

862 3923 903 3975 F
908 3922 977 3976 ol.
1007 3920 1125 3976 136.
1180 3935 1265 3989 30.
1303 3921 1395 3992 qui
1421 3939 1489 3977 ex
1513 3939 1585 3977 m.
1591 3926 1674 3992 p.,
1702 3940 1729 3977 s
1752 3925 2025 3992 superscr.
2051 3937 2193 3975 corr.
2221 3937 2291 3974 m.
2298 3923 2364 3991 p.

862 4023 978 4077 Fol.
1005 4019 1107 4075 136
1120 4021 1176 4075 b.
1235 4021 1315 4076 17.
1343 4021 1393 4075 8.
1431 4022 1658 4077 minista
1682 4039 1755 4076 m.
1761 4025 1846 4091 p.‚
1872 4039 1901 4075 r
1924 4025 2196 4091 superscr.
2223 4038 2367 4075 corr.
2396 4023 2562 4091 ηιμ,
2589 4025 2657 4073 ut
2677 4019 2854 4074 credo.

863 4123 980 4177 Fol.
1009 4121 1179 4175 1371).
1239 4135 1320 4190 19.
1356 4123 1498 4175 Post
1521 4124 1734 4177 saluum
1759 4120 1985 4175 addidit
2007 4122 2040 4177 †
2065 4138 2138 4174 m.
2167 4135 2215 4174 2.
2291 4133 2375 4190 25.
2412 4118 2661 4190 reprbari
2695 4121 2859 4189 ηιμ,
2884 4136 2918 4174 o
2942 4121 3212 4187 superscr.
3238 4132 3382 4171 corr.
3409 4132 3481 4169 m.
3490 4118 3556 4186 p.

864 4221 983 4275 Fol.
1009 4220 1126 4274 138.
1176 4221 1262 4275 26.
1289 4221 1374 4276 28.
1411 4221 1450 4275 li
1473 4223 1538 4276 in
1564 4221 1639 4276 fili
1664 4228 1832 4291 atque
1854 4223 1917 4274 in
1944 4220 2195 4276 similiter
2217 4224 2490 4292 superscr.
2515 4236 2658 4274 corr.
2684 4235 2758 4272 m.
2766 4221 2831 4289 p.

3034 4327 3067 4365 x
