4414 4917
346 520 506 576 rol.
530 521 649 579 217.

699 347 751 397 V.
770 348 970 411 47—V1.
999 343 1105 411 27.]

690 749 879 809 uerbis
917 749 1067 808 meis

770 843 1016 902 credetis
1039 875 1053 890 ·
1076 877 1159 887 —
1178 874 1190 889 ·
1212 868 1225 884 ·

656 935 750 998 *6.
792 935 973 998 ²Post
1003 937 1150 998 haec
1179 938 1321 997 abiit

655 1031 778 1091 ¹“ihs
808 1042 968 1091 trans
997 1051 1162 1093 mare

655 1125 934 1202 *galileae
962 1127 1128 1186 tiberi

653 1218 814 1281 *adis
834 1251 850 1267 ·
914 1220 1023 1280 ’Et
1050 1237 1269 1299 sequae

685 1314 853 1374 batur
881 1332 1016 1374 eum
1045 1317 1215 1374 turba

687 1426 904 1485 magna
926 1440 940 1456 ·
1013 1416 1155 1487 qfim
1185 1411 1247 1468 ui

688 1492 902 1563 debant
930 1504 1099 1580 signa
1124 1523 1239 1582 que

687 1596 933 1657 faciebat
962 1616 1134 1675 super

689 1690 949 1751 infirmos
972 1723 987 1738 ·
1045 1692 1067 1725 ³
1085 1693 1282 1752 Ascen

689 1784 771 1846 dit
798 1795 994 1844 autem
1023 1787 1085 1844 in
1113 1804 1259 1845 mon

690 1889 804 1938 tem
833 1880 964 1939 ihs·
1024 1891 1083 1939 et
1110 1881 1170 1939 bi
1199 1881 1341 1940 sede

690 1973 785 2032 bat
813 1991 947 2032 cum
976 1973 1274 2051 discipulis

691 2067 806 2127 suis
828 2098 844 2114 ·
907 2068 930 2101 ⁴
946 2065 1088 2126 Erat
1115 2073 1248 2127 aute

690 2162 748 2218 in
777 2162 1048 2238 proximo
1077 2161 1299 2238 pascha

694 2254 813 2315 dies
840 2255 1023 2315 festus
1048 2255 1262 2315 iudaeo

692 2367 817 2408 rum
841 2381 856 2396 ·
879 2382 892 2395 ·
917 2382 930 2395 ·
976 2349 998 2381 ⁶
1015 2346 1273 2409 Eleuatis

692 2442 861 2520 igitur
889 2443 1078 2504 oculis
1105 2441 1213 2503 ihs·

694 2536 845 2597 Cum
872 2537 1115 2597 uidisset
1141 2538 1285 2615 qiim

693 2670 869 2729 multa
897 2671 1067 2730 turba
1093 2671 1254 2730 uenit

693 2765 765 2824 ad
792 2781 932 2823 eum
951 2795 966 2810 ·
988 2796 1002 2810 ·
1057 2764 1202 2823 dixit
1228 2763 1307 2824 ad

694 2858 952 2936 filippum
976 2889 991 2905 ·
1051 2857 1210 2917 unde

693 2971 954 3013 ememus
980 2969 1163 3029 panes
1189 2960 1255 3012 ut

694 3047 1045 3106 manducent
1073 3047 1166 3105 isti
1189 3077 1204 3092 ·

694 3140 715 3172 ⁸
731 3141 867 3202 Hoc
894 3149 1092 3199 autem
1119 3140 1349 3200 dicebat

694 3244 942 3294 temtans
971 3238 1107 3293 eum
1130 3265 1144 3280 ·
1206 3233 1346 3310 Ipse

691 3330 842 3388 enim
873 3330 1094 3388 sciebat
1120 3328 1260 3405 quid

693 3434 840 3483 esset
867 3421 1125 3482 facturus

690 3513 712 3549 '¹
728 3516 1059 3595 Respondit
1085 3515 1162 3574 illi
1193 3515 1313 3592 filip

692 3628 799 3687 pus
881 3610 1209 3670 ducentorfi

692 3704 1061 3763 denariorum
1090 3721 1166 3779 pa

693 3813 794 3858 nes
820 3816 944 3856 non
976 3797 1265 3856 sufficiunt

692 3893 771 3951 eis
852 3902 917 3950 ut
943 3892 1228 3966 unusquis

692 4003 802 4064 que
830 3985 1132 4045 modicum
1160 3984 1289 4044 acci

692 4080 809 4154 piat
831 4111 845 4125 ·
902 4079 1084 4138 'dicit
1111 4078 1190 4136 illi

695 4189 836 4231 unus
863 4191 936 4231 ex
967 4173 1196 4248 discipu

694 4265 761 4326 lis
782 4267 899 4326 suis
982 4266 1231 4324 andreas

695 4358 862 4420 frater
888 4359 1133 4418 simonis

695 4454 834 4526 petri
853 4484 868 4499 ·
933 4452 954 4485 ⁹
977 4451 1087 4510 Est
1117 4468 1262 4528 puer

1959 321 2407 396 IOHANNE'
2420 365 2434 380 ·

1442 766 1593 807 unus
1620 747 1716 807 hic
1746 748 1844 825 qui
1872 747 1949 807 ha

1442 842 1543 901 bet
1570 842 1829 919 quinque
1856 859 2042 919 panes

1444 935 1737 994 ordiacios
1763 947 1821 994 et
1848 935 2002 996 duos

1443 1029 1755 1106 pisciculos
1821 1029 1938 1089 Sed

1443 1121 1588 1182 haec
1616 1122 1756 1200 quid
1778 1133 1914 1182 sunt
1939 1124 2001 1183 in

1442 1216 1617 1274 tantis
1641 1248 1655 1263 ·
1712 1215 1757 1249 ¹⁰
1775 1217 1939 1276 Dixit
1966 1235 2040 1276 au

1442 1320 1563 1369 tem
1592 1311 1682 1369 ihs
1710 1310 1882 1370 facite
1911 1311 1993 1371 ho

1440 1405 1630 1463 mines
1664 1404 1965 1464 discumbe

1439 1515 1501 1557 re
1524 1528 1538 1544 ·
1599 1497 1739 1557 Erat
1767 1509 1961 1558 autem

1441 1591 1640 1650 senum
1670 1592 1914 1651 multum

1442 1686 1504 1744 in
1531 1686 1629 1745 illo
1659 1685 1795 1746 loco
1818 1718 1832 1732 ·
1892 1685 1971 1746 Et
1997 1706 2061 1747 re

1443 1781 1764 1839 cubuerunt
1790 1781 1898 1838 uiri
1922 1812 1935 1827 ·

1441 1874 1607 1951 quasi
1636 1874 1850 1951 quinq⁸
1875 1875 2035 1934 milia

1441 1965 1486 2001 ¹¹
1504 1968 1754 2044 Accepit
1782 1968 1979 2046 itaque
1992 1986 2087 2046 ·pa

1442 2079 1547 2120 nes
1576 2061 1666 2119 ihs
1689 2093 1703 2107 ·
1767 2071 1826 2120 et
1854 2062 2005 2121 bene

1441 2156 1589 2215 dixit
1643 2166 1701 2214 et
1730 2155 1890 2214 dedit
1916 2174 1978 2215 re

1440 2250 1848 2309 cumbentibus
1867 2281 1881 2297 ·
1900 2284 1982 2295 —

1441 2343 1711 2402 Similiter
1739 2354 1796 2403 et
1825 2343 1898 2403 de
1927 2344 2020 2420 pis

1440 2438 1625 2516 cibus
1687 2448 1972 2516 quantum

1440 2532 1748 2591 uoluerunt
1771 2563 1785 2578 ·

1439 2661 1484 2696 ¹²
1501 2661 1655 2723 Cum
1683 2674 1878 2723 autem
1907 2674 2100 2723 satura

1439 2759 1482 2816 ti
1510 2768 1706 2817 essent
1728 2789 1742 2804 ·
1804 2758 1943 2817 dicit

1440 2851 1798 2911 discentibus
1822 2853 1941 2911 suis
1959 2883 1973 2898 ·

1441 2945 1694 3023 colligite
1724 2964 1872 3023 quae
1902 2963 1970 3004 su

1440 3050 1783 3117 perauerunt
1812 3039 1937 3116 frag

1439 3144 1771 3193 mentorum
1853 3142 1917 3191 ut
1946 3132 2008 3192 ni

1442 3227 1521 3286 nil
1551 3239 1747 3304 pereat
1771 3259 1785 3274 ·
1829 3226 1873 3260 ¹⁸
1893 3226 2059 3286 Colle

1441 3332 1650 3398 gerunt
1677 3340 1821 3398 ergo
1850 3333 1908 3380 et
1935 3323 2017 3381 im

1438 3416 1743 3494 pleuerunt
1769 3415 1963 3475 duode

1439 3495 1556 3569 cim
1584 3510 1812 3569 cofinos
1836 3508 1964 3585 frag

1440 3614 1774 3662 mentorum
1801 3603 1875 3661 de
1904 3602 2047 3679 quin

1441 3716 1557 3775 que
1585 3698 1839 3774 panibus
1867 3697 2034 3756 ordia

1443 3792 1550 3850 ciis
1575 3822 1589 3837 ·
1653 3809 1770 3868 que
1800 3808 2014 3866 supera

1442 3896 1647 3944 uerant
1675 3884 1761 3943 eis
1791 3885 1892 3961 qui
1919 3902 2060 3943 man

1442 3979 1805 4038 ducauerant
1830 4010 1843 4024 ·
1868 4011 1951 4021 -—

1444 4070 1487 4106 ¹⁴
1505 4073 1797 4133 Homines
1824 4090 1965 4131 uero
1989 4090 2122 4130 cum

1442 4166 1726 4225 uidissent
1793 4164 1952 4241 quod

1446 4260 1578 4320 fecit
1608 4262 1842 4336 signum
1871 4259 1959 4318 ihs
1983 4291 1996 4306 ·

1443 4354 1716 4414 dicebant
1743 4353 1835 4411 hic
1866 4363 1955 4411 est

1441 4465 1577 4508 uere
1606 4445 1835 4526 profeta
1861 4447 1960 4523 qui

2247 745 2409 804 uenit
2438 746 2497 803 in
2527 746 2683 805 hunc
2713 761 2855 802 mun

2249 838 2390 896 dum
2413 868 2427 884 ·
2488 834 2651 897 ¹³1hs
2680 844 2811 898 aute

2250 932 2442 991 sciens
2469 933 2607 1010 quia
2631 951 2748 991 uen

2249 1027 2360 1084 turi
2391 1037 2558 1085 erant
2585 1045 2727 1103 rape

2248 1137 2312 1178 re
2341 1118 2502 1178 illum
2572 1131 2631 1179 et
2660 1120 2789 1178 face

2247 1231 2310 1271 re
2338 1230 2540 1291 regem
2563 1245 2577 1260 ·
2642 1210 2823 1274 Seces

2248 1307 2321 1366 sit
2349 1308 2557 1366 iterum
2585 1307 2646 1366 in
2675 1326 2817 1366 mon

2248 1411 2304 1460 te
2334 1403 2451 1478 ip⁸e
2481 1402 2637 1461 solus
2660 1433 2675 1448 ·
2735 1401 2777 1435 ¹⁶
2795 1397 2948 1463 Cum

2248 1505 2443 1554 autem
2472 1514 2601 1555 sero
2630 1494 2784 1557 factu

2247 1599 2401 1648 esset
2420 1620 2434 1635 ·
2492 1589 2806 1650 Descende

2247 1692 2381 1741 runt
2410 1683 2679 1760 discipuli
2707 1686 2833 1745 eius

2247 1776 2325 1836 ad
2352 1796 2512 1837 mare
2531 1809 2545 1824 ·
2590 1776 2632 1811 ¹⁷
2651 1778 2728 1838 Et
2757 1798 2896 1838 cum

2248 1872 2653 1931 ascendissent
2681 1874 2741 1931 in

2247 1964 2579 2024 nauiculam
2609 1966 2771 2025 ibant
2869 1985 2878 1994 ·

2246 2057 2615 2118 transfretare
2642 2060 2704 2117 in

2248 2170 2606 2227 capernaum
2627 2184 2641 2198 ·
2703 2151 2780 2211 Et
2810 2163 2866 2211 te

2246 2247 2463 2304 nebrae
2491 2246 2609 2304 iam
2639 2244 2823 2306 factae

2245 2351 2411 2399 erant
2435 2372 2450 2386 ·
2507 2350 2564 2399 et
2592 2342 2862 2401 nondum

2245 2444 2486 2493 uenerat
2514 2433 2589 2494 ad
2619 2453 2723 2496 eos
2751 2435 2868 2495 ihs·
2892 2466 2907 2482 ·

2247 2527 2469 2588 ¹⁸Mare
2496 2547 2639 2589 uero
2668 2545 2891 2606 magno

2245 2670 2427 2720 uento
2455 2659 2631 2720 flante
2662 2680 2736 2720 ex

2246 2755 2524 2830 surgebat
2547 2786 2561 2801 ·
2606 2754 2650 2788 ¹⁹
2669 2755 2824 2814 Cum

2250 2866 2395 2923 ergo
2422 2848 2806 2924 remigassent

2250 2941 2369 3000 fere
2399 2941 2584 3001 stadia
2611 2944 2775 3018 uigin

2251 3046 2307 3095 te
2338 3034 2595 3113 quinque
2663 3037 2759 3095 uel

2251 3131 2487 3206 triginta
2506 3161 2519 3176 ·
2582 3131 2716 3189 uide

2253 3235 2387 3282 runt
2416 3224 2539 3282 ihm
2566 3226 2747 3284 ambu

2252 3319 2472 3376 lantem
2502 3337 2677 3396 super

2255 3430 2417 3471 mare
2480 3410 2557 3470 Et
2587 3431 2776 3489 prope

2255 3521 2468 3565 nauem
2497 3507 2819 3565 ueniente*

2256 3612 2315 3657 et
2342 3601 2658 3658 timuerunt
2679 3630 2693 3645 ·

2255 3687 2300 3724 ²⁰
2317 3692 2421 3752 Ille
2450 3703 2647 3751 autem
2675 3692 2821 3750 dixit

2256 3787 2365 3845 illis
2447 3803 2561 3862 ego
2594 3804 2725 3844 sum
2754 3804 2836 3844 no

2255 3880 2351 3939 lite
2379 3881 2581 3938 timere
2601 3911 2615 3925 ·
2677 3879 2721 3912 ²¹
2739 3897 2818 3939 uo

2255 3974 2454 4032 lebant
2482 3990 2624 4049 ergo
2655 3974 2784 4032 acci

2255 4085 2395 4144 pere
2424 4066 2585 4124 illum
2613 4067 2674 4124 in
2703 4084 2780 4125 na

2254 4178 2390 4219 uem
2419 4189 2436 4208 ·
2497 4170 2555 4217 et
2582 4161 2742 4218 conti

2258 4272 2378 4313 nuo
2409 4253 2563 4313 sacta
2592 4263 2680 4311 est
2710 4272 2787 4313 na

2257 4349 2348 4408 uis
2376 4348 2453 4407 ad
2480 4357 2691 4405 terram
2721 4348 2782 4406 in

2257 4461 2376 4521 qua
2404 4444 2565 4501 ibant
2583 4471 2669 4485 -—·
2689 4468 2772 4493 se-

3617 351 3700 417 49

2997 510 3112 571 post
3128 505 3411 556 ascensione
3443 505 3531 555 dai
3553 506 3629 558 lec

2996 584 3071 632 tio
3092 584 3339 648 euangelii
3392 584 3604 634 iohanen

2996 660 3082 709 die
3103 661 3500 713 domenecorum.

2956 736 3038 778 *²²
3056 739 3297 800 Postera
3325 741 3420 800 die
3449 753 3539 800 tur

2957 835 3108 894 *bae
3137 854 3290 911 quae
3319 846 3483 895 erant

2956 929 3150 988 *trans
3179 948 3338 989 mare
3367 930 3503 991 uide

2956 1023 3124 1082 *runt
3153 1024 3288 1099 quia
3317 1022 3431 1083 alia
3459 1044 3538 1086 na

2956 1117 3085 1175 *uis
3114 1117 3228 1177 illic
3259 1136 3382 1178 non
3412 1118 3516 1179 fuit

2997 1212 3109 1271 nisi
3138 1231 3259 1271 una
3282 1244 3297 1259 ·
3362 1224 3421 1273 et
3447 1220 3591 1292 qiim

2997 1323 3120 1365 non
3149 1307 3319 1366 simul
3347 1327 3482 1367 cum
3510 1309 3600 1369 dis

2998 1400 3204 1477 cipulis
3232 1402 3350 1461 suis
3379 1403 3530 1462 intro

2999 1496 3102 1553 iuit
3136 1496 3226 1555 ihs
3254 1497 3315 1554 in
3345 1498 3662 1557 nauicula·-
3680 1529 3696 1545 ·

3001 1589 3117 1649 Sed
3146 1591 3553 1652 tantummodo

3000 1683 3267 1761 discipuli
3296 1686 3420 1745 eius
3449 1686 3579 1745 abie

2999 1787 3132 1836 runt
3156 1809 3169 1823 ·
3214 1775 3257 1810 ²³
3276 1778 3406 1837 Alie
3434 1797 3577 1839 uero

3000 1882 3462 1946 superuenerunt

3000 1964 3303 2024 nauiculae
3331 1966 3404 2025 de
3433 1967 3550 2027 tibe

2999 2057 3160 2117 riade
3189 2060 3348 2118 iuxta
3375 2060 3573 2119 locum

2999 2152 3159 2211 illum
3188 2154 3286 2211 ubi
3314 2154 3533 2213 mandu

2999 2258 3273 2306 cauerant
3299 2266 3517 2324 panem

3001 2358 3178 2417 quem
3207 2342 3582 2402 benedixerat

3002 2434 3113 2494 diis
3137 2467 3151 2481 ·
3176 2467 3190 2481 ·
3236 2432 3278 2467 ¹⁴
3297 2434 3449 2495 Cum
3477 2450 3621 2514 ergo

3001 2530 3285 2589 uidissent
3312 2532 3516 2591 turbae

3005 2666 3145 2739 qiim
3176 2663 3265 2722 ihs
3287 2681 3411 2722 non
3439 2674 3556 2723 erat
3584 2664 3665 2724 ibi

3005 2774 3196 2832 neque
3226 2758 3491 2834 discipuli
3518 2761 3643 2819 eius
3662 2791 3678 2807 ·

3005 2851 3251 2926 ingressi
3281 2863 3415 2912 sunt
3444 2855 3556 2931 ipsi

3007 2943 3068 3001 in
3098 2963 3280 3005 naues
3335 2957 3395 3006 et
3420 2965 3573 3008 uene

3006 3048 3141 3097 runt
3170 3039 3229 3096 in
3259 3058 3617 3119 capernaum

3009 3145 3353 3207 quaerentes
3383 3135 3506 3195 ihm
3525 3168 3539 3184 ·

3007 3224 3141 3285 85Et
3171 3245 3305 3287 cum
3333 3230 3691 3292 inuenissent

3010 3339 3145 3379 eum
3175 3333 3329 3380 trans
3359 3343 3519 3383 mare
3543 3356 3558 3371 ·

3010 3415 3279 3474 dixerunt
3306 3418 3360 3475 ei
3430 3420 3596 3477 rabbi

3007 3509 3243 3584 quando
3272 3510 3385 3569 huc
3413 3513 3624 3570 uenisti

3006 3599 3390 3679 ²“Respondit
3412 3604 3521 3663 illis
3544 3606 3633 3665 ihs
3655 3617 3712 3666 et

3010 3697 3154 3756 dixit
3182 3728 3196 3742 ·
3258 3697 3453 3756 Amen
3482 3718 3657 3759 amen

3010 3791 3144 3850 dico
3171 3791 3341 3849 uobis
3372 3795 3643 3868 quaeritis

3010 3903 3105 3943 me
3136 3902 3258 3943 non
3287 3886 3423 3963 quia
3450 3887 3603 3945 uidis

3010 3979 3082 4037 tis
3113 3979 3282 4054 signa
3301 4010 3315 4025 ·
3380 3978 3499 4038 Sed
3528 3986 3672 4057 qt‘im

3009 4071 3406 4131 manducastis
3435 4072 3507 4131 de
3536 4093 3616 4151 pa

3011 4167 3181 4224 nibus
3210 4177 3268 4223 et
3298 4168 3534 4225 saturati
3563 4186 3630 4227 es

3011 4260 3084 4319 tis
3109 4291 3122 4305 ·
3182 4258 3226 4292 ²⁷
3245 4259 3588 4336 Operamini

3747 512 3868 568 fol.
3893 516 4015 566 me.

3009 4372 3131 4413 non
3150 4373 3287 4414 esca
3309 4374 3459 4431 quae
3481 4357 3628 4432 perit
3649 4388 3750 4403 ·—

3009 4449 3113 4508 sed
3125 4467 3262 4509 esca
3281 4468 3394 4528 que
3412 4460 3715 4528 permanet

3337 4564 3380 4604 11
