4414 4917
810 340 897 406 34

529 498 654 548 rol.
678 498 774 549 66.
816 496 987 557 uobis
1006 526 1021 543 ι
1085 500 1228 575 qfim
1255 511 1430 573 super

811 591 1012 653 omnia
1038 591 1200 650 bona
1227 608 1333 650 sua

807 685 1117 745 constituet
1146 702 1283 744 eum
1306 715 1321 730 ·

808 780 854 814 ⁴⁹
875 778 935 837 Si
964 788 1159 837 autem
1186 777 1394 838 dixerit

810 872 996 933 malus
1025 890 1222 932 seruus
1250 871 1291 931 il

809 966 865 1027 le
893 967 953 1025 in
981 966 1157 1026 corde
1186 984 1294 1026 suo
1316 996 1330 1013 ·

811 1059 1048 1120 Moram
1077 1061 1212 1121 facit
1240 1060 1351 1119 dr‘is

810 1172 978 1214 meus
1002 1155 1204 1213 uenire

811 1246 858 1281 ⁸⁰
874 1247 951 1305 Et
977 1248 1212 1324 incipiet
1238 1265 1419 1324 percu

811 1349 933 1400 tere
962 1358 1283 1401 conseruos

812 1452 952 1494 suos
970 1465 984 1480 ·
1042 1434 1359 1493 manducet

810 1537 1007 1588 autem
1034 1538 1092 1587 et
1117 1528 1281 1587 bibat

809 1639 946 1681 cum
974 1623 1178 1681 ebriis·
1233 1622 1276 1655 ⁸¹
1288 1639 1366 1681 ue

811 1715 933 1774 niet
961 1724 1157 1774 autem
1185 1715 1295 1775 dr’is

815 1809 968 1867 serui
996 1809 1144 1868 illius
1216 1810 1275 1866 in

814 1902 909 1962 die
938 1920 1055 1979 qua
1082 1919 1205 1961 non
1233 1920 1337 1978 spe

813 2004 902 2055 rat
978 2005 1037 2055 et
1065 1996 1211 2055 hora
1237 2013 1354 2072 qua

812 2090 1079 2167 ignorat·
1124 2088 1169 2123 δ’
1185 2099 1243 2148 et
1270 2089 1392 2149 diui

814 2183 914 2244 det
939 2202 1076 2244 eum
1103 2193 1160 2244 et
1187 2202 1293 2260 par

812 2287 934 2337 tem
962 2278 1085 2337 eius
1112 2295 1249 2337 cum
1277 2276 1355 2354 hy

811 2410 1048 2488 pocritis
1076 2410 1242 2487 ponit
1273 2440 1287 2455 ·
1330 2407 1445 2469 illic

811 2505 917 2564 erit
944 2504 1112 2564 fletus
1142 2516 1199 2564 et
1226 2504 1327 2562 stri

814 2600 923 2659 dor
950 2599 1213 2658 dentium
1234 2629 1249 2645 ·
1270 2629 1354 2640 —

2082 309 2544 384 SECUNDU-

1566 494 1589 527 ⁸
1612 492 1787 553 Mora
1813 502 2010 554 autem
2039 510 2190 571 spon

1567 607 1636 649 so
1664 588 1907 648 faciente
1977 588 2086 647 dor

1566 683 1911 741 mitauerunt
1940 699 2042 741 om

1568 795 1673 835 nes
1702 777 1957 853 uirgines
2025 786 2085 836 et

1566 870 1927 930 dormiebant
1947 900 1962 915 ·
2011 869 2034 903 ⁸
2050 886 2147 928 me

1567 963 1663 1022 dia
1692 972 1885 1022 autem
1914 971 2090 1022 nocte

1568 1057 1790 1116 clamor
1818 1055 1970 1116 fatus
1997 1064 2116 1116 est·

1563 1169 1704 1210 ecce
1733 1167 1984 1226 sponsus
2012 1150 2169 1209 uenit

1565 1244 1716 1303 exite
1744 1244 1805 1302 in
1825 1244 2064 1303 obuiam
2092 1243 2145 1303 ei
2164 1274 2180 1289 ·

1565 1338 1587 1370 ⁷
1607 1337 1780 1397 Tunc
1808 1346 2174 1396 surrexerunt

1566 1447 1774 1489 omnes
1801 1429 2054 1506 uirgines
2082 1430 2122 1488 il

1567 1524 1619 1583 le
1644 1554 1659 1570 ·
1718 1534 1777 1583 et
1804 1534 2203 1600 conposurunt

1566 1617 1871 1695 lampadas
1901 1635 2033 1676 suas
2057 1649 2072 1665 ·

1569 1712 1591 1745 ⁸
1610 1711 1791 1770 Fatue
1820 1722 2014 1771 autem
2043 1711 2248 1789 sapien

1569 1806 1722 1865 tibus
1751 1805 2019 1863 dixerunt
2042 1835 2057 1850 ·

1569 1899 1703 1958 date
1731 1898 1902 1957 nobis
1932 1897 2006 1956 de
2035 1897 2169 1957 oleo

1568 2002 1761 2051 uestro
1827 1992 1963 2067 quia
1989 1990 2107 2049 lam

1568 2085 1750 2164 pades
1778 2095 1972 2144 nostre
2000 2104 2074 2144 ex

1567 2180 1866 2256 tinguntur
1889 2205 1902 2218 ·
1945 2179 1967 2212 ⁹
1986 2178 2107 2239 Res

1567 2273 1897 2351 ponderunt
1924 2283 2119 2332 autem

1570 2407 1885 2485 prudentes
1914 2408 2085 2469 dicen

1570 2513 1657 2563 tes
1681 2535 1696 2550 ·
1757 2521 1830 2562 ne
1861 2503 2008 2562 forte
2035 2520 2160 2562 non

1570 2597 1836 2657 suffuciat
1863 2598 2035 2657 nobis

814 2692 1150 2765 225.¹Tune
1160 2691 1342 2752 simile
1352 2700 1440 2750 est
1450 2708 1552 2768 reg
1567 2702 1626 2751 et
1653 2692 1821 2751 uobis
1845 2722 1859 2738 ·
1922 2692 2013 2750 Ite
2043 2690 2167 2769 poti

812 2787 1281 2859 numcaelorum
1300 2816 1316 2834 ·
1378 2785 1453 2844 de

812 2899 945 2941 cem
973 2881 1291 2956 uirginibus
1313 2909 1327 2926 ο

814 2976 915 3053 qui
941 2976 1273 3050 acciperunt
1300 2972 1418 3032 lam

812 3067 999 3144 padas
1025 3082 1161 3125 suas
1179 3096 1193 3111 ·
1254 3075 1311 3124 et
1339 3083 1490 3124 uene

813 3170 947 3220 runt
973 3161 1212 3220 obuiam
1240 3177 1393 3236 spon

814 3272 884 3314 so
912 3265 971 3313 et
998 3271 1252 3330 sponsae
1273 3284 1287 3299 ·
1330 3250 1353 3283 ²
1373 3252 1515 3328 quin

813 3366 929 3426 que
958 3357 1151 3407 autem
1181 3356 1344 3407 erant
1372 3364 1447 3404 ex

814 3444 955 3520 ipsis
984 3439 1171 3501 fatuae
1191 3473 1205 3488 ·
1265 3451 1323 3501 et
1349 3442 1491 3518 quin

816 3554 931 3615 que
959 3536 1270 3613 prudentes
1289 3566 1303 3581 ·

814 3631 836 3662 ⁸
854 3630 902 3689 F
904 3641 1034 3690 atue
1063 3639 1257 3689 autem
1286 3629 1473 3706 accipi

812 3735 977 3784 entes
1003 3723 1306 3800 lampadas
1336 3741 1469 3783 suas
1500 3755 1514 3770 ·

814 3838 935 3879 non
965 3827 1297 3877 sumserunt
1326 3836 1390 3876 se

796 3930 950 3972 cum
979 3911 1175 3971 oleum
1198 3942 1212 3957 ·
1256 3912 1279 3942 ⁴
1301 3910 1443 3970 Pru-

811 4006 1016 4066 dentes
1045 4015 1238 4064 autem
1268 4022 1411 4065 acce

809 4110 1017 4177 perunt
1044 4099 1238 4159 oleum
1268 4100 1328 4157 in
1356 4116 1433 4156 ua

811 4193 890 4251 sis
919 4210 1057 4252 cum
1083 4191 1451 4270 lampadibus

1327 4303 1448 4344 suis

1567 2802 1636 2844 us
1664 2784 1740 2843 ad
1768 2786 2089 2845 uendentes

1566 2889 1622 2937 et
1651 2880 1823 2937 emite
1850 2880 2018 2938 uobis
2042 2911 2055 2926 ·
2088 2909 2102 2924 ·

1565 2969 1612 3004 ¹⁰
1623 2972 1986 3030 Abeuntibus
2009 2982 2194 3032 aute-

1568 3065 1675 3125 illis
1701 3083 1896 3125 emere
1918 3097 1933 3112 ·
1996 3067 2159 3125 uenit

1568 3176 1823 3237 sponsus
1852 3169 1909 3217 et
1938 3176 2088 3234 quae

1567 3262 1800 3328 paratae
1828 3261 1991 3311 erant
2019 3253 2079 3310 in

1567 3354 1861 3404 trauerunt
1889 3363 2027 3404 cum
2055 3364 2130 3405 eo

1566 3439 1628 3496 in
1656 3439 1886 3515 nuptias
1913 3449 1970 3498 et
1998 3440 2090 3498 clu

1568 3551 1634 3592 sa
1661 3543 1748 3591 est
1776 3533 1949 3592 ianua
1967 3564 1981 3579 ·
2024 3532 2067 3565 ¹¹
2088 3532 2188 3593 No

1567 3627 1800 3686 uissime
1830 3628 2069 3686 ueniunt

1567 3720 1781 3797 relique
1810 3722 2064 3797 uirgines

1567 3815 1824 3875 dicentes
1848 3847 1862 3862 ·
1908 3817 2021 3874 dfie
2052 3815 2168 3874 dfie

1565 3910 1725 3986 aperi
1753 3911 1922 3968 nobis
1946 3940 1960 3955 ·
2004 3906 2145 3968 ¹²At

1564 4002 1656 4062 ille
1686 4002 2047 4080 respondens

1562 4097 1680 4156 ait·
1744 4097 1941 4157 Amen
1967 4097 2103 4157 dico

1562 4192 1732 4251 uobis
1748 4223 1833 4237 -

2371 493 2570 552 nescio
2598 509 2708 551 uos
2731 523 2746 539 ·
2789 491 2832 526 ¹⁸
2852 492 2988 570 Uigi

2371 586 2484 646 late
2511 587 2706 663 itaque
2773 587 2910 664 quia

2371 681 2606 741 nescitis
2632 680 2837 740 horam

2372 774 2532 832 illam
2552 804 2566 820 ·
2627 793 2818 851 neque
2848 774 2943 834 die

2373 866 2417 900 ¹⁴
2438 867 2594 926 Sicut
2621 869 2778 927 enim
2806 867 2988 927 homo

2372 979 2610 1040 peregre
2637 961 2856 1020 futurus

2372 1056 2606 1114 uocauit
2634 1073 2833 1114 seruos

2375 1166 2511 1208 suos
2539 1159 2596 1208 et
2625 1148 2853 1208 tradidit

2373 1242 2481 1301 illis
2507 1242 2668 1301 bona
2696 1260 2800 1301 sua
2819 1273 2834 1289 ·
2879 1241 2923 1275 ¹⁸
2936 1253 2996 1302 et

2372 1337 2474 1394 uni
2503 1335 2658 1396 dedit
2686 1337 2897 1414 quinqS

2374 1429 2590 1489 talenta
2610 1461 2624 1476 ·
2682 1430 2776 1489 alii
2805 1435 2938 1491 aute

2374 1523 2493 1583 duo
2512 1554 2526 1569 ·
2571 1523 2666 1583 alii
2694 1541 2835 1582 uero
2863 1542 2901 1583 u

2375 1635 2516 1675 num
2540 1647 2555 1663 ·
2615 1617 2925 1693 unicuique

2375 1709 2697 1769 secundum
2719 1728 2827 1786 pro

2374 1805 2561 1881 priam
2588 1806 2855 1863 uirtutem

2373 1908 2431 1957 et
2456 1897 2750 1976 profectus
2777 1909 2864 1957 est
2887 1929 2902 1945 ·

3214 333 3720 403 [xx1V.48—xxv.
3745 340 3830 393 26.

3130 496 3271 554 mihi
3299 497 3507 559 dedisti
3527 531 3542 547 ·
3603 519 3744 561 ecce

3129 589 3239 649 alia
3267 593 3525 671 quinque
3553 595 3763 655 talenta

3060 684 3484 760 superlucratus
3514 695 3582 748 sil
3601 721 3616 736 ·

3128 774 3170 809 ²¹
3188 779 3266 836 ait
3292 779 3366 837 illi
3396 780 3508 841 dns
3536 783 3659 841 eius
3682 814 3697 829 ·

3127 869 3297 948 Euge
3326 892 3492 934 serue
3524 876 3716 936 bonae

3128 976 3186 1025 et
3215 966 3397 1026 fidelis
3415 998 3430 1013 ·
3492 969 3627 1045 quia

3127 1075 3303 1135 supra
3329 1078 3517 1137 pauca
3543 1059 3651 1123 fu¹s

3127 1153 3169 1211 ti
3198 1152 3380 1213 fidelis
3398 1186 3413 1201 ·
3474 1173 3648 1233 supra

3128 1245 3308 1305 multa
3336 1257 3392 1306 te
3422 1251 3674 1309 constitu

3128 1357 3226 1397 am
3245 1371 3259 1386 ·
3320 1341 3469 1400 intra
3497 1343 3557 1400 in
3583 1361 3702 1420 gau

3128 1431 3291 1491 dium
3317 1434 3418 1494 dni
3448 1437 3527 1494 tui
3546 1467 3562 1483 ·

3127 1523 3497 1588 ”Accedens
3525 1540 3720 1590 autem

3127 1628 3184 1678 et
3212 1621 3309 1695 qui
3338 1620 3457 1681 duo
3486 1623 3702 1683 talenta

3129 1726 3436 1790 acceperat
3504 1726 3584 1777 ait

3127 1805 3242 1865 dr‘ie
3271 1806 3390 1867 duo
3420 1810 3633 1870 talenta

3125 1900 3266 1957 mihi
3295 1901 3534 1961 dedisti·
3585 1923 3726 1964 ecce

2371 1991 2416 2026 ¹⁸
2433 1992 2639 2051 Statim
2666 2002 2860 2050 autem
2888 1993 3027 2052 abiit
3070 1992 3183 2053 alia
3204 1994 3321 2054 duo
3344 1997 3559 2057 talenta
3586 1999 3747 2059 lucra

2373 2088 2471 2166 qui
2499 2087 2756 2163 quinque
2784 2086 2936 2145 talen

2373 2191 2462 2239 tas
2490 2187 2829 2256 acceperat·
2891 2178 2967 2238 Et

2371 2283 2642 2351 operatus
2667 2282 2757 2332 est
2782 2273 2844 2331 in
2871 2274 2955 2332 eis

2373 2416 2431 2467 et
2458 2406 2591 2467 fecit
2619 2406 2730 2466 alia
2757 2404 2973 2483 quinq*

2374 2502 2589 2562 talenta
2609 2532 2623 2547 ·
2667 2499 2711 2533 ¹⁷
2729 2500 2982 2560 similiter

2374 2605 2432 2656 et
2459 2596 2558 2671 qui
2586 2595 2704 2655 duo
2738 2598 2965 2671 accepit

2376 2690 2625 2748 lucratus
2653 2698 2739 2747 est
2767 2689 2827 2746 in
2854 2690 2938 2747 eis

2376 2784 2488 2843 alia
2516 2782 2633 2841 duo
2655 2800 2671 2853 ;
2717 2782 2761 2815 ¹⁸
2777 2783 2877 2859 qui
2905 2788 3035 2843 aute

2374 2896 2558 2935 unum
2588 2877 2813 2953 accepit
2842 2878 2934 2936 abi

2374 2989 2479 3030 ens
2501 2970 2643 3030 fodit
2671 2972 2731 3028 in
2759 2981 2956 3029 terra-
2976 3003 2991 3018 ·

2373 3077 2431 3123 et
2459 3063 2764 3123 abscondit
2793 3082 2943 3140 pecu

2374 3159 2532 3217 niam
2560 3159 2661 3217 dni
2689 3159 2812 3217 sui·

2372 3250 2416 3286 ¹⁹
2435 3252 2573 3312 Post
2602 3252 2846 3311 multum
2873 3271 3014 3314 uero

2371 3348 2648 3423 temporis
2674 3348 2831 3405 uenit

2371 3440 2483 3498 dns
2512 3457 2810 3498 seruorum
2841 3440 2880 3497 il

2371 3534 2560 3594 lorum
2584 3565 2597 3580 ·
2659 3544 2716 3592 et
2743 3535 2936 3610 posuit

2371 3644 2506 3686 cum
2534 3629 2617 3686 eis
2645 3628 2930 3686 rationem
2955 3658 2969 3674 ·

2369 3721 2414 3754 ⁸⁰
2425 3721 2499 3779 Et
2509 3722 2796 3780 accedens
2813 3722 2910 3798 qui
2930 3721 3072 3800 quin

2368 3833 2483 3892 que
2512 3817 2723 3874 talenta
2751 3834 2892 3876 acce

2368 3920 2530 3986 perat
2598 3909 2807 3986 optulit

2369 4003 2478 4061 alia
2505 4003 2761 4079 quinque
2789 4013 2849 4062 ta

2367 4095 2522 4155 lenta
2548 4096 2749 4156 dicens
2768 4128 2781 4143 ·

2368 4189 2502 4250 Dfie
2530 4191 2785 4267 quinque
2814 4189 2971 4249 talen

2854 4294 2915 4345 ta

3128 2100 3221 2148 tus
3250 2106 3381 2149 sum
3403 2123 3418 2137 ·
3459 2089 3505 2124 ¹³
3522 2094 3600 2150 ait
3625 2092 3706 2150 illi

3127 2185 3239 2244 dfis
3267 2186 3389 2242 eius
3413 2215 3428 2231 ·
3488 2202 3637 2261 euge
3667 2204 3759 2244 ser

3127 2297 3200 2338 ue
3229 2280 3385 2338 bone
3413 2289 3471 2338 et
3499 2278 3681 2339 fidelis

3127 2411 3262 2488 quia
3290 2429 3460 2489 super
3489 2429 3680 2488 pauca

3128 2505 3279 2564 suisti
3308 2505 3490 2564 fidelis
3513 2537 3527 2551 ·
3571 2524 3640 2565 su

3127 2617 3233 2674 pra
3261 2599 3441 2658 multa
3471 2612 3526 2659 te
3555 2619 3673 2660 con

3129 2693 3358 2751 stituarn
3382 2724 3396 2738 ·
3460 2694 3609 2752 intra

3127 2787 3188 2844 in
3216 2786 3492 2863 gaudium
3521 2787 3622 2846 dni
3650 2789 3733 2847 tui
3755 2820 3773 2836 ·

3127 2880 3172 2914 ²⁴
3188 2881 3496 2940 Accedens
3525 2892 3722 2941 autem

3128 2983 3183 3032 et
3212 2974 3309 3049 qui
3335 2993 3519 3034 unum
3548 2976 3702 3035 talen

3125 3078 3248 3127 tum
3276 3080 3580 3147 acceperat
3608 3101 3623 3117 ·

3128 3163 3205 3220 ait
3233 3162 3346 3221 dr‘ie
3371 3195 3384 3210 ·
3450 3164 3574 3224 scio
3603 3165 3742 3241 quia

3126 3255 3311 3315 homo
3338 3256 3516 3316 durus
3544 3276 3608 3317 es
3627 3291 3672 3303 -

3127 3359 3185 3408 et
3205 3361 3386 3409 metes
3414 3352 3513 3410 ubi
3541 3370 3663 3410 non

3128 3444 3423 3502 seminasti
3445 3475 3458 3490 ·
3500 3453 3559 3503 et
3593 3462 3712 3504 con

3124 3554 3332 3612 gregas
3358 3538 3458 3595 ubi
3488 3555 3607 3598 non

3124 3631 3414 3707 sparsisti·
3457 3628 3574 3690 ¹5et
3602 3632 3643 3689 ti

3125 3742 3293 3782 mens
3322 3724 3434 3782 abii
3462 3735 3518 3783 et
3547 3725 3771 3785 abscon

3122 3816 3180 3875 di
3208 3818 3488 3876 talentum
3515 3828 3666 3876 tuu‘·

3120 3909 3183 3968 in
3217 3920 3365 3968 terra
3395 3942 3409 3956 ·
3474 3929 3615 3970 ecce
3643 3911 3784 3970 abes

3119 4012 3285 4061 tuum
3305 4035 3318 4050 ·
3363 4000 3406 4036 '⁶
3423 4003 3666 4080 Respon

3119 4096 3265 4155 dens
3293 4107 3489 4156 autem
3519 4098 3629 4155 diis
3656 4097 3780 4157 eius

3118 4189 3260 4250 dixit
3279 4223 3293 4238 ·
3356 4190 3512 4249 Male
3541 4208 3708 4250 serue

3859 514 3985 564 rol.
4012 514 4107 566 67.
