4414 4917
1720 448 2176 510 EDITORIS
2219 449 2587 511 NOTULA
2600 450 2680 511 E.
3437 463 3551 529 151

854 621 970 676 Fol.
1002 621 1098 676 101
1116 621 1173 675 b.
1212 635 1297 690 34.
1322 638 1399 676 nn
1426 661 1440 676 .
1466 661 1481 676 .
1509 662 1523 677 .
1548 632 1842 692 peccators
1868 626 2034 694 ηιμ,
2055 638 2091 675 0
2118 663 2132 676 .
2158 662 2171 677 .
2200 662 2214 677 .
2240 640 2272 678 0
2295 628 2571 693 superscr.
2597 639 2741 677 corr.
2767 625 2916 693 ηιμ
2992 634 3077 691 35.
3103 622 3177 676 In
3201 623 3463 693 margine
3484 622 3568 676 ad

990 705 1249 761 altissimi
1274 708 1548 776 scriptum
1573 713 1657 761 est
1678 723 1855 759 manu
1892 711 1959 761 ut
1990 707 2226 761 ut'detur
2248 709 2449 778 prima
2482 705 2562 760 sci
2600 704 2805 775 uigiliis
2841 712 2910 759 ut
2938 706 3099 761 credo
3107 724 3141 771 ,·
3176 712 3559 760 atramentum

992 795 1182 843 autem
1205 789 1342 844 adeo
1365 792 1608 843 euanuit
1648 796 1716 843 ut
1736 790 1961 861 difficile
1986 790 2218 860 legatur
2238 790 2386 860 quid
2401 791 2678 861 scriptum
2690 790 2914 860 fuerat.

856 884 977 938 Fol.
1006 884 1126 939 102.
1173 899 1262 951 41.
1297 902 1336 939 n
1359 886 1424 939 in
1450 885 1507 939 in
1523 887 1719 956 primo
1743 886 1876 953 loce,
1901 887 1966 940 in
1990 904 2104 941 νας.
2130 903 2166 941 0
2188 889 2404 958 scripta
2427 893 2511 941 est
2530 904 2569 940 a
2594 902 2668 939 m.
2685 889 2743 955 μ

857 980 977 1034 Fol.
1006 980 1108 1035 102
1124 981 1181 1035 b.
1218 993 1305 1051 45.
1344 983 1419 1036 Et
1438 982 1665 1036 addidit
1684 983 1749 1035 in
1774 985 2036 1053 margine
2058 1000 2201 1037 corr.
2227 985 2372 1053 ηιμ

858 1076 979 1130 Fol.
1009 1077 1110 1132 103
1128 1077 1184 1131 b.
1242 1079 1291 1132 7.
1324 1092 1403 1132 10.
1439 1078 1682 1132 secunda
1706 1095 1738 1133 e
1762 1079 1827 1131 in
1853 1078 2182 1133 inuenerunt
2202 1096 2277 1133 ex
2294 1089 2317 1133 t
2343 1080 2591 1134 correxit
2612 1082 2761 1150 ηιμ

858 1172 903 1225 F
907 1172 978 1226 ol.
1008 1173 1127 1227 104.
1188 1187 1269 1242 19.
1306 1174 1438 1229 msit
1476 1191 1549 1228 m.
1559 1173 1686 1246 μ,ἰ
1725 1178 2171 1261 superse-pem.
2207 1193 2282 1229 m.
2289 1178 2354 1246 μ
2429 1189 2515 1228 22.
2553 1175 2834 1230 auditistis
2871 1179 3039 1245 ηιμ,
3069 1177 3246 1230 erasit
3282 1176 3353 1231 tis
3373 1178 3562 1247 finale

995 1265 1288 1312 corrector.

859 1352 904 1405 F
908 1352 980 1406 ol.
1011 1352 1111 1408 104
1126 1354 1180 1408 b.
1232 1354 1318 1408 28.
1354 1370 1390 1408 0
1413 1354 1477 1407 in
1502 1353 1698 1421 maior,
1723 1353 1961 1407 secundo
1985 1353 2118 1421 loce,
2143 1370 2219 1407 ex·
2237 1370 2266 1407 r
2288 1356 2538 1408 correxit
2558 1358 2707 1425 ηιμ

860 1450 905 1503 F
907 1450 979 1503 ol.
1010 1448 1129 1504 105.
1179 1464 1264 1518 30.
1304 1450 1527 1520 bptizati
1555 1453 1718 1520 ηιμ,
1745 1467 1781 1505 a
1804 1454 2082 1520 superscr.
2107 1466 2253 1506 corr.
2279 1453 2428 1521 ηιμ
2505 1464 2588 1518 32.
2628 1451 2685 1505 fo
2712 1453 2875 1521 ηιμ,
2901 1467 2964 1504 ro
2989 1450 3218 1505 addidit
3239 1469 3382 1506 corr.
3409 1469 3483 1507 m.
3509 1468 3561 1522 3.

860 1550 905 1603 F
909 1549 981 1603 01.
1022 1550 1123 1605 105
1141 1549 1196 1603 b·
1251 1565 1340 1617 40.
1375 1564 1462 1618 43.
1514 1552 1630 1621 qud
1658 1590 1671 1605 .
1700 1591 1714 1606 .
1741 1590 1756 1605 .
1782 1549 2010 1606 iudicati
2048 1553 2216 1621 ηιμ,
2256 1566 2292 1604 0
2316 1590 2331 1604 .
2360 1591 2373 1605 .
2402 1591 2415 1605 .
2442 1568 2469 1605 s
2505 1554 2784 1621 superscr.
2823 1568 2969 1606 corr.
3005 1555 3153 1623 ηιμ
3249 1567 3336 1620 44.
3363 1573 3375 1608 :
3411 1555 3566 1608 inter

998 1633 1288 1688 mulierem
1313 1640 1369 1688 et
1391 1633 1526 1689 dixit
1552 1634 1777 1688 addidit
1796 1651 1941 1689 corr.
1967 1636 2116 1703 ηιμ

861 1734 906 1787 Ι·“
909 1734 981 1787 01.
1012 1734 1112 1789 106
1127 1737 1184 1789 b.
1235 1734 1286 1789 8.
1311 1735 1363 1789 6.
1399 1753 1432 1790 e
1456 1737 1519 1788 in
1553 1746 1769 1805 petram
1793 1734 1903 1789 exi
1928 1734 2175 1789 correxit
2207 1738 2356 1804 ηιμ
2430 1735 2480 1789 8.
2518 1734 2567 1788 ci
2606 1736 2670 1789 in
2707 1734 2908 1790 cecidit
2943 1739 3219 1806 superscr.
3242 1754 3386 1793 corr.
3412 1742 3562 1810 ηιμ

999 1824 1068 1871 ut
1087 1819 1265 1873 credo.
1338 1833 1389 1888 9.
1427 1818 1655 1888 dicipuli
1684 1821 1848 1888 ηιμ,
1875 1835 1903 1872 s
1927 1820 2203 1888 superscr.
2228 1834 2372 1872 corr.
2399 1822 2543 1888 ηιμ

860 1918 905 1971 F
908 1918 980 1972 01.
1012 1918 1130 1973 107.
1188 1933 1267 1973 10.
1307 1920 1502 1975 Ceters
1529 1922 1693 1989 ηιμ,
1719 1920 1735 1973 i
1761 1923 2037 1989 superscr.
2064 1935 2206 1973 corr.
2236 1922 2381 1990 ηιμ
2463 1933 2543 1987 13.
2580 1919 2674 1991 qui
2696 1922 2858 1990 ηιμ,
2884 1936 2920 1974 a
2942 1923 3217 1990 superscr.
3243 1938 3386 1975 corr.
3411 1939 3484 1975 ηι
3503 1925 3562 1991 μ

861 2019 906 2072 F
909 2019 981 2073 ol.
1010 2018 1113 2073 107
1130 2018 1186 2073 b.
1245 2032 1325 2089 19.
1362 2021 1499 2074 tuba
1523 2024 1690 2090 ηιμ,
1716 2038 1743 2074 r
1767 2022 2043 2089 superscr.
2068 2035 2212 2073 corr.
2239 2022 2390 2090 ηιμ

860 2119 905 2172 F
910 2119 983 2173 ol.
1013 2118 1131 2173 108.
1181 2134 1266 2187 24.
1303 2131 1630 2175 cssauerunt
1658 2124 1823 2191 ηιμ,
1848 2137 1881 2176 0
1905 2123 2180 2191 superscr.
2196 2136 2340 2173 corr.
2357 2122 2504 2188 ηιμ
2579 2132 2665 2186 27.
2701 2137 2955 2191 neneque
2979 2138 3053 2175 m.
3060 2124 3167 2192 μ,·
3191 2120 3294 2176 sed
3299 2124 3560 2193 primum

998 2218 1071 2257 ne
1094 2205 1273 2257 erasit
1291 2210 1583 2258 corrector.
1656 2221 1690 2258 0
1714 2206 1779 2257 in
1803 2201 2185 2258 monumentis
2210 2220 2285 2258 ex
2302 2220 2339 2257 u
2363 2204 2613 2257 correxit
2634 2207 2782 2273 ηιμ

862 2303 907 2356 F
909 2303 981 2356 ol.
1010 2302 1113 2358 108
1128 2304 1183 2358 b.
1240 2318 1324 2372 32.
1361 2321 1400 2358 n
1424 2305 1488 2357 in
1514 2303 1866 2375 pascentium
1892 2305 2146 2358 euanuit.

862 2404 907 2457 F
911 2404 982 2457 ol.
1013 2403 1130 2460 109.
1187 2405 1271 2473 36.
1311 2404 1386 2460 illi
1419 2403 1427 2477 Ι
1460 2403 1528 2461 lis
1554 2408 1716 2476 ηιμ,
1741 2405 1920 2460 erasit
1931 2404 2192 2475 primum
2219 2402 2255 2457 li
2281 2409 2571 2457 corrector.

862 2505 907 2558 F
910 2505 981 2559 ol.
1011 2504 1113 2560 109
1127 2505 1182 2559 b.
1234 2519 1321 2573 43.
1357 2515 1441 2560 ert
1464 2510 1630 2576 ηιμ,
1655 2522 1691 2560 a
1712 2508 1988 2576 superscr.
2012 2521 2155 2560 corr.
2182 2507 2328 2575 ηιμ
2383 2517 2470 2571 47.
2507 2514 2717 2559 tremus
2743 2508 2897 2574 ηιμ,
2912 2521 2944 2559 0
2962 2509 3236 2576 superscr.
3256 2525 3399 2563 corr.
3421 2514 3563 2582 ηιμ

1000 2589 1611 2658 quemadmodmodum
1659 2605 1733 2643 ηι
1743 2593 1807 2659 μ
1849 2590 2095 2656 incun’a,
2144 2586 2246 2642 sed
2278 2588 2539 2658 primum
2589 2589 2723 2642 mod
2759 2590 2939 2642 erasit
2974 2596 3262 2644 corrector.
3346 2593 3437 2659 48.
3491 2595 3563 2649 de

998 2675 1271 2742 superscr.
1294 2689 1438 2727 corr.
1461 2676 1611 2744 ηιμ

863 2774 908 2827 F
912 2773 983 2827 01.
1012 2773 1129 2827 110.
1188 2785 1269 2842 50.
1308 2774 1479 2827 audto
1506 2790 1580 2826 ηι
1590 2776 1673 2844 μ,
1700 2772 1716 2826 i
1741 2775 2016 2842 superscr.
2042 2788 2188 2826 corr.
2213 2773 2362 2841 ηιμ
2440 2782 2467 2840 5
2477 2782 2523 2840 5.
2561 2769 2681 2825 dari
2708 2786 2782 2824 ex
2802 2771 2936 2826 dare
2959 2774 3209 2828 correxit
3228 2778 3371 2845 ηιμ

863 2875 983 2929 Fol.
1012 2873 1115 2927 110
1133 2873 1187 2927 b.
1242 2873 1296 2927 9.
1330 2888 1372 2927 1.
1409 2883 1631 2928 current
1656 2876 1824 2944 ηιμ,
1849 2890 1885 2927 a
1909 2875 2185 2943 superscr.
2210 2886 2357 2926 corr.
2384 2874 2528 2942 ηιμ
2622 2885 2670 2939 3.
2711 2888 2779 2926 ue
2812 2872 2877 2925 in
2910 2889 3088 2943 neque
3119 2878 3394 2946 superse-r.
3419 2894 3564 2932 corr.

1000 2973 1075 3010 m.
1133 2996 1149 3012 .

863 3064 908 3117 F
913 3063 983 3117 ol.
1013 2961 1132 3116 1111.
1192 3076 1271 3117 11.
1308 3080 1378 3119 ex
1413 3064 1477 3116 in
1513 3060 1730 3131 excepit
1766 3064 2042 3132 superscr.
2067 3076 2215 3115 corr.
2239 3062 2390 3130 ηιμ
2493 3072 2576 3127 13.
2614 3076 2646 3113 c
2682 3061 2747 3113 in
2783 3076 2943 3117 escas
2978 3061 3043 3116 in
3078 3078 3192 3117 νας.
3219 3079 3256 3120 a
3288 3066 3564 3136 scriptum

999 3152 1098 3200 est.

863 3247 909 3300 F
912 3246 984 3300 01.
1013 3246 1111 3300 111
1134 3247 1190 3301 b.
1251 3259 1331 3313 17.
1368 3246 1551 3300 cofino
1587 3249 1753 3316 ηιμ,
1791 3263 1819 3300 s
1854 3248 2129 3317 superscr.
2165 3260 2310 3299 corr.
2337 3248 2481 3315 ηιμ
2561 3244 2641 3299 18.
2678 3260 2739 3299 es
2775 3254 2923 3299 esset
2960 3247 3045 3299 ita
3077 3245 3277 3300 Codex.
3351 3262 3435 3302 22.
3472 3259 3564 3319 pst

1003 3333 1164 3401 ηιμ,
1191 3345 1227 3383 0
1250 3333 1524 3400 superscr.
1548 3346 1691 3384 corr.
1717 3346 1791 3382 m.
1808 3332 1867 3398 μ

864 3431 909 3484 F
913 3431 985 3484 ol.
1014 3429 1133 3484 112.
1185 3443 1270 3500 29.
1307 3440 1532 3500 spectus
1555 3439 1817 3500 aspectus
1843 3431 2008 3498 ηιμ,
2033 3429 2300 3492 incuria,·
2336 3428 2513 3480 erasit
2535 3434 2756 3496 spectus
2780 3432 3068 3480 corrector.

865 3532 910 3585 F
914 3532 986 3585 ol.
1016 3529 1119 3584 112
1137 3530 1192 3584 b.
1245 3545 1331 3600 32.
1368 3547 1531 3584 somn
1557 3569 1571 3583 .
1600 3570 1614 3584 .
1642 3569 1655 3584 .
1682 3529 1958 3599 uiglantes
1984 3545 2056 3581 m.
2068 3531 2149 3598 μ,
2175 3544 2212 3580 0
2239 3567 2252 3580 .
2282 3567 2293 3580 .
2321 3526 2337 3580 i
2363 3530 2636 3597 superscr.
2662 3542 2805 3580 corr.
2833 3529 2977 3595 ηιμ

864 3632 909 3685 F
913 3631 985 3686 ol.
1014 3631 1133 3685 113.
1185 3645 1275 3697 40.
1311 3649 1388 3685 nn
1414 3634 1576 3702 ηιμ,
1602 3647 1638 3684 0
1661 3633 1936 3702 superscr.
1960 3645 2104 3686 corr.
2129 3630 2275 3698 ηιμ

866 3734 912 3788 F
914 3732 985 3788 ol.
1015 3731 1117 3786 113
1132 3733 1186 3787 b.
1237 3744 1322 3801 45.
1360 3749 1392 3786 e
1416 3733 1480 3784 in
1504 3740 1578 3799 et,
1594 3732 1791 3802 primo
1815 3730 1949 3797 loco,
1965 3731 2029 3782 in
2055 3745 2266 3782 rasura
2289 3727 2504 3796 scripm
2526 3732 2611 3780 est
2630 3743 2669 3779 a
2692 3727 2837 3795 νη.μ

1001 3816 1090 3883 48.
1128 3814 1397 3885 receperit
1420 3832 1495 3868 ex
1511 3814 1769 3884 recepirit
1794 3815 2041 3868 correxit
2064 3814 2205 3882 ηιμ
2285 3823 2367 3880 50.
2405 3826 2482 3864 nn
2507 3813 2671 3879 ηιμ,
2697 3826 2731 3863 0
2755 3812 3031 3879 superscr.
3056 3825 3199 3863 corr.
3224 3813 3372 3879 ηιμ

866 3919 911 3972 F
915 3919 985 3971 ol.
1014 3917 1134 3971 114.
1192 3927 1277 3985 52.
1312 3933 1375 3970 ra
1410 3916 1475 3968 in
1511 3913 1757 3986 paraturi
1794 3917 2070 3984 superscr.
2096 3929 2240 3968 corr.
2267 3913 2433 3981 ηιμ,
2457 3916 2514 3965 et
2544 3909 2816 3963 similiter
2848 3908 2904 3963 ni
2942 3910 3007 3962 in
3045 3908 3195 3963 uenit
3220 3926 3277 3962 v.
3307 3909 3390 3978 56.
3480 3922 3565 3979 57.

1004 3999 1141 4055 hieri
1168 4016 1242 4053 m.
1252 4002 1334 4070 μ,
1361 4016 1389 4053 s
1412 4002 1687 4069 superscr.
1713 4015 1856 4053 corr.
1883 4000 2030 4068 ηιμ

867 4102 913 4155 F
917 4102 987 4156 ol.
1016 4102 1118 4155 114
1136 4101 1189 4155 b.
1250 4112 1333 4169 59.
1372 4116 1441 4170 pe
1465 4101 1529 4152 in
1559 4099 1794 4169 sepelire
1827 4099 2101 4167 superscr.
2127 4112 2271 4150 corr.
2297 4096 2441 4164 ηιμ
2531 4093 2617 4147 60.
2654 4092 2706 4147 οἰ
2731 4109 2805 4146 ex
2823 4091 2860 4145 ii
2885 4093 3134 4147 correxit
3152 4095 3301 4162 ηιμ
3375 4101 3565 4147 autem

1004 4202 1080 4238 ex
1097 4194 1310 4240 auttem
1340 4185 1589 4238 correxit
1618 4185 1761 4253 ηιμ
1833 4182 1921 4236 61.
1959 4181 2064 4235 altr
2100 4183 2268 4250 ηιμ,
2293 4195 2326 4234 0
2360 4180 2637 4248 superscr.
2662 4193 2805 4232 corr.
2829 4180 2977 4247 ηιμ
3055 4177 3136 4231 10.
3169 4190 3213 4230 1.
3250 4174 3378 4231 bins
3415 4178 3566 4245 ηιμ

1000 4283 1037 4321 0
1071 4271 1344 4338 superscr.
1370 4282 1511 4322 corr.
1538 4269 1688 4337 ηιμ
