4414 4917
876 2293 937 2328 10

879 2938 937 2985 ¹5

882 3581 946 3615 20

1947 445 2477 507 FRAGMENTA

1407 690 1697 758 Secundi
1734 693 2177 776 quaternionis
2201 692 2454 776 folium
2497 701 2748 757 sextum
2792 687 3045 777 (uerso).

1741 897 1885 962 Fol.
1931 915 2076 976 44a
2119 895 2383 984 (Belslt.‚
2446 895 2637 982 Wle.).

1385 1111 1796 1177 custodiente
1840 1132 1920 1176 eo
1965 1112 2171 1177 milite
2218 1111 2275 1150 ¹⁷
2299 1113 2548 1178 factum
2596 1122 2698 1177 est

1386 1249 1611 1305 autem
1659 1249 1816 1321 post
1858 1239 2001 1304 dies
2047 1249 2180 1304 tres
2228 1242 2613 1305 conuocauit
2657 1240 2722 1303 iu

1390 1370 1708 1432 daeorum
1754 1368 2004 1451 priores
2047 1369 2161 1451 qui
2211 1376 2288 1433 οῦ
2336 1388 2631 1434 conuene

1390 1505 1540 1560 runt
1585 1495 1968 1561 conferebat
2014 1517 2166 1560 cum
2214 1496 2309 1561 eis
2353 1497 2583 1562 dicens

1311 1625 1461 1705 Ego
1508 1624 1627 1687 uiri
1677 1623 1909 1689 fratres
1957 1645 2108 1690 cum
2157 1624 2316 1689 nihil
2363 1634 2595 1690 contra
2640 1624 2835 1707 plebe

1389 1751 1685 1816 fecissem
1735 1771 1881 1834 neq·
1927 1762 2158 1816 contra
2204 1772 2421 1818 mores
2467 1753 2717 1836 patrios

1392 1882 1652 1945 uinctus
1697 1880 1783 1945 ab
1828 1880 2290 1964 hierosolymis
2336 1882 2617 1946 traditus

1391 2029 1538 2073 sum
1585 2009 1650 2071 in
1699 2029 1933 2074 manus
1978 2029 2402 2075 romanorum
2450 2008 2501 2045 ¹⁸
2521 2010 2633 2092 qui
2680 2019 2830 2094 post

1391 2158 1591 2220 quam
1639 2157 1746 2202 me
1791 2138 2363 2221 interrogauerunt
2410 2138 2723 2204 uolebant

1393 2265 1728 2330 dimittere
1772 2286 1854 2330 eo
1897 2267 2077 2349 quod
2124 2266 2372 2331 nullam
2419 2286 2684 2331 causam

1394 2396 1623 2458 mortis
1668 2405 1841 2460 esset
1889 2396 1953 2458 in
2001 2416 2108 2461 me
2154 2429 2169 2444 ·
2220 2393 2271 2433 ¹⁹
2294 2397 2715 2461 contradicen

1396 2525 1574 2588 tibus
1623 2536 1848 2588 autem
1898 2526 2146 2590 iudaeis
2190 2525 2546 2608 conpulsus
2593 2544 2739 2588 sum

1392 2650 1727 2736 appellare
1773 2672 2102 2717 caesarem
2149 2674 2282 2717 non
2326 2659 2576 2736 tanqua

1394 2790 1659 2861 gentem
1710 2801 1926 2847 meam
1974 2780 2226 2847 habens
2271 2781 2520 2864 aliquid
2567 2802 2644 2845 ac

1397 2931 1623 2975 cusai-e
1711 2908 1765 2948 ²⁰
1785 2919 2056 2993 propter
2101 2910 2274 2975 hanc
2321 2930 2480 2992 ergo
2526 2930 2646 2974 cau

1395 3059 1534 3103 sam
1583 3039 1807 3122 rogaui
1855 3058 1975 3102 uos
2021 3039 2245 3103 uidere
2289 3048 2355 3103 et
2400 3037 2646 3122 alloqui

1395 3179 1662 3252 propter
1705 3188 1893 3250 spem
1939 3169 2112 3232 enim
2160 3166 2398 3232 israhel
2441 3166 2636 3232 cathe

1398 3317 1552 3361 nam
1599 3296 1770 3362 hanc
1817 3307 2013 3381 porto
2061 3329 2076 3342 ·
2119 3294 2167 3333 ²¹
2186 3296 2274 3361 ad
2320 3296 2412 3360 illi
2456 3296 2542 3361 ad
2589 3316 2741 3360 eum

1393 3426 1708 3489 dixerunt
1756 3458 1770 3473 ·
1817 3445 1938 3489 nos
1982 3444 2195 3507 neque
2244 3426 2495 3490 litteras
2537 3426 2622 3490 ad

1401 3574 1660 3618 uersum
1705 3563 1773 3618 te
1817 3552 2194 3636 accepimus
2239 3574 2279 3616 a
2322 3555 2557 3619 iudaea

1400 3702 1548 3764 neq,
1596 3681 1864 3744 ueniens
1910 3681 2260 3764 quisquam
2308 3680 2583 3746 fratrum

1397 3809 1721 3875 nuntiauit
1765 3819 1881 3874 aut
1927 3810 2185 3875 locutus
2232 3818 2331 3873 est
2375 3809 2608 3891 aliquit

1395 3939 1478 4002 de
1524 3948 1591 4002 te
1636 3938 1809 4001 male
1857 3971 1872 3987 ·
1919 3936 1970 3975 ²²
1989 3938 2400 4020 postulamus
2446 3947 2670 4002 autem

1395 4087 1435 4129 a
1480 4075 1546 4128 te
1591 4067 1813 4131 audire
1857 4087 2027 4150 quae
2071 4069 2275 4150 sentis
2319 4069 2404 4130 de
2450 4066 2717 4129 haerese

2528 4216 2679 4259 nam

2887 1007 3042 1073 Act.
3072 1006 3298 1071 xxviii.
3340 1006 3567 1070 16-22.
