4414 4917
508 497 634 545 ποι.
660 497 787 548 237.ν
812 493 975 543 catus
1004 491 1200 541 autem
1229 487 1330 559 sps
1357 488 1451 542 scs

814 311 899 390 64

1575 477 1788 541 ’omne
1816 490 2111 541 sarmentii

1573 576 1731 654 quod
1761 577 1823 635 in
1851 596 1947 637 me
1977 595 2101 636 non
2129 576 2205 637 ad

1574 671 1683 732 fert
1710 672 1960 732 fructum
1987 672 2071 732 tol

1575 767 1653 827 let
1682 767 1820 827 illud
1844 799 1858 814 ·
1928 777 1986 826 et
2012 784 2191 826 omne

1573 860 1927 922 fmctiferum
1954 881 2064 939 pur

1572 957 1733 1033 gabit
1801 967 1863 1016 ut
1884 957 2070 1017 fructu

1573 1051 1854 1111 maiorem
1882 1051 2103 1111 adserat
2121 1082 2135 1098 ·

1571 1144 1592 1176 ³
1611 1145 1739 1204 Iam
1768 1163 1878 1205 uos
1906 1145 2107 1204 mundi
2130 1164 2193 1205 es

1572 1240 1643 1298 tis
1668 1273 1680 1287 ·
1705 1251 1943 1319 propter
1969 1258 2072 1300 uer

1572 1335 1713 1393 bum
1741 1336 1900 1412 quod
1929 1334 2153 1395 locutus

1574 1448 1703 1487 sum
1732 1430 1902 1489 uobis
1923 1461 1936 1476 ·
1960 1462 1971 1475 ·
1996 1463 2007 1476 ·
2053 1431 2074 1464 ⁴
2095 1429 2275 1489 Mane

1576 1537 1632 1585 te
1661 1526 1722 1582 in
1751 1543 1848 1584 me
1876 1535 1934 1583 et
1962 1542 2076 1601 ego
2105 1525 2166 1584 in
2195 1543 2275 1585 uo

1576 1620 1666 1678 bis
1687 1650 1700 1665 ·
1770 1618 1931 1678 Sicut
1958 1637 2193 1679 sannen

1575 1724 1697 1772 tum
1727 1732 1848 1773 non
1877 1725 2069 1790 potest
2097 1716 2175 1773 ab

1575 1826 1636 1867 se
1666 1808 1915 1867 fructum
1944 1808 2136 1868 facere
2160 1840 2174 1855 ·

1573 1903 1683 1961 nisi
1712 1904 2093 1980 permanserit

1571 1998 1633 2054 in
1660 1998 1839 2056 uitem
1863 2029 1877 2043 ·
1946 1996 2043 2055 Sic
2071 2016 2183 2057 nec

1570 2108 1679 2150 uos
1709 2093 1755 2150 si
1785 2109 1906 2152 non
1935 2110 2139 2151 manse

1570 2187 1689 2245 ritis
1719 2186 1779 2245 in
1807 2205 1903 2245 me
1927 2219 1941 2233 ·
1985 2186 2156 2265 ‘Ego
2184 2194 2254 2247 st]

1567 2282 1697 2339 uitis
1726 2299 1834 2340 uos
1864 2295 2156 2342 sarmenta

812 595 993 655 quem
1021 578 1302 637 missurus
1330 586 1420 636 est

812 684 974 750 pater
1003 673 1062 730 in
1092 673 1330 731 nomine

813 786 950 828 meo
979 767 1074 826 ille
1102 786 1212 827 uos
1241 767 1391 826 doce

812 864 898 922 bit
926 862 1127 921 omnia
1203 862 1279 922 Et
1309 881 1446 922 amo

815 959 977 1018 nebit
1003 976 1113 1018 uos
1142 958 1343 1018 omnia

815 1070 1220 1129 quaecumque
1251 1054 1387 1112 dixe

814 1166 881 1207 ro
910 1149 1084 1207 uobis
1104 1178 1119 1192 ·
1168 1144 1213 1179 ²⁷
1235 1147 1448 1207 Pacem

814 1242 893 1301 do
920 1243 1092 1301 uobis
1113 1276 1126 1290 ·
1164 1252 1360 1321 pacem
1383 1248 1517 1302 mea

814 1337 1076 1414 relinquo
1104 1337 1275 1398 uobis
1298 1368 1312 1382 ·

816 1430 959 1490 Non
989 1433 1291 1510 quomodo
1321 1432 1414 1507 hic

814 1528 1069 1586 mundus
1098 1527 1197 1586 dat
1225 1545 1340 1605 ego

814 1622 893 1681 do
915 1623 1086 1682 uobis
1105 1654 1119 1668 ·
1184 1641 1308 1682 non
1336 1641 1451 1683 con

815 1719 1071 1776 turbetur
1097 1735 1201 1778 cor
1227 1735 1333 1777 ues

814 1821 966 1870 trum
995 1830 1185 1889 neque
1214 1831 1319 1889 per

814 1908 1080 1967 timescat
1104 1938 1118 1952 ·
1161 1904 1408 1965 28Αιιεὶίε

815 2002 889 2060 tis
918 2003 1052 2079 quia
1080 2021 1193 2079 ego
1221 2001 1338 2060 dixi
1368 2020 1448 2060 uo

814 2095 906 2155 bis
976 2096 1133 2155 uado
1161 2106 1219 2155 et
1238 2097 1414 2156 uenio

815 2190 890 2249 ad
918 2208 1060 2249 uos,
1109 2189 1170 2249 Si
1199 2209 1295 2249 me
1324 2190 1423 2249 dili

812 2286 1007 2361 geritis
1033 2284 1363 2362 gauderetis

815 2414 1668 2496 quiaegouadoadpatre-·qui
1695 2424 1893 2474 manet
1920 2414 1982 2473 in
2010 2433 2105 2475 me

817 2520 959 2591 qum
989 2522 1154 2590 pater
1182 2531 1348 2573 meus
1377 2533 1475 2573 ma
1570 2518 1627 2568 et
1648 2528 1761 2586 ego
1791 2511 1851 2567 in
1878 2510 1977 2569 illo
1998 2541 2012 2556 ·
2073 2510 2167 2570 hic
2194 2510 2268 2569 ad

816 2608 906 2667 ior
934 2625 1029 2666 me
1059 2619 1147 2668 est
1166 2639 1180 2655 ·
1224 2605 1342 2668 ”et
1361 2627 1515 2668 nunc
1571 2603 1678 2663 fert
1707 2604 1954 2664 fructum
1985 2606 2121 2682 copi

818 2702 938 2760 dixi
966 2703 1136 2761 uobis
1166 2713 1467 2780 antequa-
1571 2717 1741 2758 osum
1762 2730 1776 2745 ·
1840 2701 1976 2776 quia
1993 2701 2119 2760 sine
2148 2719 2244 2760 me

817 2797 917 2855 fiat
984 2808 1047 2857 ut
1075 2816 1210 2856 cum
1239 2798 1447 2857 sactu*
1571 2795 1814 2869 potestis
1843 2793 2034 2854 facere
2063 2794 2206 2853 nihil
2227 2827 2242 2841 ·

817 2891 985 2951 fuerit
1012 2892 1257 2951 credatis
1281 2923 1295 2939 ·
1570 2887 1592 2920 ⁸
1612 2888 1661 2945 si
1689 2889 1818 2965 quis
1846 2907 1970 2948 non
1998 2907 2203 2949 manse

813 2980 999 3038 ³⁰1am
1014 2999 1132 3039 non
1152 2982 1548 3059 multaloquor
1570 2981 1643 3039 rit
1671 2982 1730 3039 in
1759 3001 1855 3041 me
1876 3013 1890 3029 ·
1955 2984 2232 3059 proicitur

816 3075 1124 3133 uobiscum
1144 3106 1158 3121 ·
1222 3077 1417 3136 ueniet
1569 3075 1723 3136 foras
1753 3078 1900 3136 sicut
1927 3096 2157 3137 sannen

818 3170 976 3227 enim
1005 3168 1174 3229 huius
1204 3171 1409 3230 mundi
1569 3181 1694 3230 tum
1763 3182 1821 3230 et
1843 3182 2065 3231 arescet
2092 3183 2150 3232 et

819 3264 1092 3340 princeps
1122 3275 1179 3323 et
1207 3267 1265 3323 in
1296 3284 1389 3325 me
1570 3268 2014 3343 congregabunt
2042 3267 2180 3326 illud
2200 3298 2215 3314 ·

820 3359 997 3417 habet
1018 3359 1157 3417 nihil
1182 3391 1196 3406 ·
1223 3391 1236 3406 ·
1266 3359 1309 3393 ⁸¹
1325 3360 1439 3420 Sed
1457 3370 1521 3419 ut
1570 3371 1628 3419 et
1656 3361 1716 3419 in
1744 3361 1945 3438 ignem
1974 3362 2205 3421 mittent

821 3455 1256 3530 eognoscathic
1269 3455 1520 3516 mundus
1572 3465 1629 3514 et
1659 3457 2012 3516 conburetur
2032 3492 2110 3502 —

818 3547 978 3624 quod
1008 3549 1184 3627 diligo
1214 3561 1439 3627 patrem
1463 3581 1477 3597 ·
1572 3551 1593 3582 ⁷
1616 3550 1677 3608 Si
1705 3551 2033 3610 manseritis
2061 3552 2122 3611 in
2150 3570 2246 3610 me

817 3653 876 3702 et
893 3661 1012 3719 quo
1033 3644 1210 3704 modo
1232 3645 1554 3705 mandatu*
1574 3654 1632 3704 et
1658 3645 1838 3705 uerba
1865 3664 1999 3704 mea
2027 3646 2088 3703 in
2114 3663 2191 3706 uo

820 3737 962 3796 mihi
993 3738 1151 3797 dedit
1179 3750 1342 3814 pater
1573 3740 1697 3798 bis,
1762 3741 1809 3798 si
1838 3740 1977 3818 quid
2004 3741 2176 3800 uolue

821 3834 904 3891 sie
934 3831 1087 3892 facio
1108 3864 1122 3879 ·
1182 3835 1396 3910 surgite
1424 3852 1496 3894 ea
1574 3836 1694 3893 ritis
1722 3835 1897 3912 petite
1926 3845 1984 3895 et
2013 3836 2111 3894 fiet

902 3953 984 3981 ω
1004 3946 1136 3986 mus
1162 3927 1298 3987 hinc
1315 3928 1402 3982 ke*
1574 3931 1743 3991 uobis
1767 3961 1781 3976 ·
1825 3931 1845 3962 ⁸
1869 3930 1940 3988 In
1970 3930 2082 3989 hoc
2113 3929 2274 3990 hono

775 4016 804 4049 *
824 4024 921 4080 15.
944 4020 1107 4097 ¹Ego
1136 4040 1264 4080 sum
1291 4023 1422 4081 uitis
1450 4041 1524 4082 ue
1574 4025 1825 4084 rificatus
1853 4036 1941 4084 est
1969 4035 2132 4102 pater

776 4110 805 4143 *
827 4131 892 4172 ra
916 4147 927 4160 ·
1001 4127 1058 4174 et
1087 4126 1250 4193 pater
1276 4135 1444 4178 meus
1577 4138 1744 4180 meus
1811 4131 1876 4180 ut
1905 4120 2152 4179 fructum

823 4209 1079 4284 agricola
1108 4221 1227 4269 est·
1252 4246 1334 4255 ——-
1576 4216 1880 4292 copiosum
1907 4213 2177 4274 adferatis

2090 295 2567 371 SECUNDU-

2380 489 2436 540 et
2466 480 2587 539 sitis
2614 479 2729 538 mei
2758 479 2983 556 discipu

2379 574 2454 633 li·
2504 576 2527 609 ⁹
2547 574 2706 634 Sicut
2733 574 2932 635 dilexit
2958 593 3053 634 me

2381 678 2545 747 pater
2563 700 2578 716 ·
2642 680 2700 729 et
2727 687 2840 746 ego
2868 687 2979 729 uos

2382 764 2556 824 dilexi
2575 795 2590 811 ·
2655 763 2894 824 Manete
2922 765 2984 824 in

2381 859 2614 919 caritate
2642 878 2774 919 mea
2797 891 2811 908 ·
2855 858 2901 893 ¹⁰
2921 860 2982 920 Si
3009 924 3020 937 ι

2380 965 2655 1031 precepta
2675 973 2807 1014 mea
2828 973 2920 1014 ser

3330 318 3495 384 [Χιν.
3517 321 3740 376 26-xv.
3762 337 3842 387 23.

3130 490 3318 539 uester
3345 492 3582 541 maneat
3606 513 3620 527 ·

3130 586 3196 635 ut
3221 575 3504 653 quidquid
3532 577 3648 654 peti

3130 670 3286 729 eritis
3315 689 3351 731 a
3377 681 3541 748 patre
3567 672 3630 730 in

3135 764 3371 824 nomine
3409 783 3546 825 meo
3573 766 3675 828 det

3245 884 3327 912 st*
3354 861 3527 919 uobis
3555 887 3637 915 ω

3098 952 3179 990 *¹⁷
3198 952 3365 1014 Haec
3394 955 3616 1015 mando
3643 957 3814 1016 uobis

2381 1049 2654 1108 uaueritis
2677 1080 2691 1095 ·
2762 1051 2999 1110 manebi
3098 1048 3198 1106 *ut
3226 1048 3474 1126 diligatis
3501 1051 3620 1110 inui

2380 1143 2453 1202 tis
2483 1144 2544 1201 in
2572 1144 2807 1203 caritate
2836 1163 2967 1204 mea

2383 1238 2546 1298 Sicut
2572 1257 2686 1314 ego
2715 1249 3024 1316 praecepta

2380 1332 2559 1411 patris
2587 1333 2873 1393 custodiui
2892 1366 2906 1381 ·

2379 1438 2437 1486 et
2465 1444 2678 1488 maneo
2706 1428 2769 1487 in
2797 1428 2977 1488 carita

2379 1532 2436 1581 te
2464 1522 2648 1581 illius·
2692 1523 2731 1557 ¹¹
2751 1522 2919 1583 Haec
2950 1523 3084 1584 locu

2381 1628 2472 1676 tus
2502 1634 2632 1675 sum
2657 1618 2829 1677 uobis
2854 1649 2869 1665 ·
2936 1629 3000 1677 ut

2380 1710 2662 1788 gaudium
2690 1729 2888 1771 meum

2381 1806 2443 1864 in
2470 1806 2640 1866 uobis
2668 1807 2742 1866 sit
2765 1838 2778 1853 ·
2841 1818 2900 1867 et
2927 1826 3045 1886 gau

2382 1900 2543 1959 dium
2572 1913 2830 1960 uestrum
2859 1903 2939 1960 im

2381 1996 2606 2074 pleatur
2626 2027 2639 2042 ·
2661 2027 2711 2043 ··
2763 1994 2808 2028 ¹²
2827 1996 2967 2057 Hoc
2994 2009 3083 2058 est

2380 2090 2722 2149 mandatum
2743 2098 2880 2151 meu

2378 2195 2442 2244 ut
2471 2185 2720 2263 diligatis
2747 2186 2938 2247 inuice
2963 2218 2978 2234 ·

2378 2280 2528 2338 sieut
2557 2280 2729 2340 dilexi
2757 2300 2865 2341 uos

2377 2410 2421 2444 ¹⁸
2438 2412 2723 2473 maiorem
2752 2413 2905 2474 hanc
2936 2416 3054 2475 cari

2379 2516 2556 2565 tatem
2586 2525 2762 2567 nemo
2785 2508 2960 2568 habet
2984 2541 2998 2557 ·

2378 2602 2636 2678 utsiquis
2654 2604 2913 2663 animam
2936 2615 3083 2664 sua-

2379 2706 2561 2773 ponat
2583 2715 2687 2773 pro
2704 2699 2907 2758 amicis
2926 2700 3044 2759 suis
3065 2731 3079 2747 ·

2380 2789 2424 2823 ¹⁴
2438 2789 2567 2850 Uos
2586 2793 2758 2852 amici
2777 2795 2891 2852 mei
2907 2795 3045 2853 estis
3064 2825 3079 2842 ·

2381 2886 2429 2944 si
2458 2884 2705 2946 feceritis
2734 2889 2896 2965 quod

2377 2999 2492 3056 ego
2519 2981 2739 3042 mando
2768 2984 2937 3042 uobis
2958 3017 3042 3029 —

2379 3073 2424 3107 ¹⁵
2444 3076 2572 3134 Iam
2600 3094 2722 3136 non
2750 3095 2858 3138 uos
2888 3079 3082 3139 dicam

2381 3188 2583 3230 seruos
2603 3202 2617 3218 ·
2681 3179 2825 3248 qt’nn
2853 3191 2944 3233 ser

2380 3283 2489 3323 uus
2519 3267 2702 3325 nescit
2731 3268 2871 3345 quid
2903 3269 2960 3328 fa

2380 3361 2494 3419 ciat
2521 3360 2634 3420 diis
2663 3362 2785 3421 eius
2809 3393 2832 3410 ·‡
2890 3363 3018 3424 Uos

2382 3465 2576 3514 autem
2606 3455 2725 3515 dixi
2754 3459 2980 3518 amicos

2382 3549 2537 3622 Quia
2565 3555 2764 3610 omnia
2791 3570 2942 3630 quae
2970 3572 3045 3613 au

2382 3645 2497 3703 diui
2521 3663 2556 3703 a
2589 3657 2749 3722 patre
2778 3666 2915 3708 meo

2383 3751 2522 3800 nota
2549 3742 2718 3800 uobis
2747 3741 2855 3802 feci
2875 3774 2889 3790 ·

2386 3836 2425 3868 ¹⁸
2447 3853 2570 3895 non
2598 3854 2709 3896 uos
2736 3855 2831 3897 me
2860 3839 3044 3917 elegis

2383 3929 2454 3989 tis
2484 3930 2585 3990 sed
2614 3950 2728 4008 ego
2757 3932 2905 4010 elegi
2933 3952 3042 3994 uos

2382 4033 2441 4083 et
2468 4025 2738 4085 ordinaui
2766 4045 2874 4088 uos
2899 4058 2913 4074 ·
2979 4039 3043 4087 ut

2383 4138 2491 4179 uos
2519 4121 2659 4180 eatis
2687 4132 2745 4180 et
2773 4122 3006 4182 fructu-

2385 4215 2576 4274 feratis
2602 4227 2660 4276 et
2689 4215 2908 4276 fructus

3099 1144 3266 1203 *cem
3338 1145 3380 1178 ¹⁸
3398 1146 3447 1205 si
3475 1148 3732 1208 mundus

3135 1257 3243 1299 uos
3273 1240 3395 1299 odit
3425 1242 3632 1301 scitote

3136 1333 3297 1409 quod
3326 1334 3666 1413 priusquam

3134 1445 3244 1487 uos
3273 1447 3367 1488 me
3395 1429 3548 1489 odit·
3593 1429 3638 1463 ¹⁹
3661 1430 3719 1489 Si
3748 1431 3822 1490 de

3136 1521 3247 1581 hoc
3278 1523 3503 1582 mundo
3531 1543 3658 1584 esse

3134 1617 3206 1675 tis
3275 1617 3530 1678 mundus
3560 1621 3668 1698 tiqs

3135 1712 3294 1789 quod
3324 1730 3494 1771 suum
3521 1726 3645 1773 erat
3672 1734 3708 1774 a

3133 1818 3320 1865 maret
3339 1838 3353 1853 ·
3419 1815 3563 1886 qum
3592 1816 3725 1869 aute

3134 1900 3206 1960 de
3236 1900 3348 1961 hoc
3379 1904 3604 1963 mundo
3633 1923 3753 1964 non

3131 1996 3268 2055 estis
3342 1995 3456 2055 Sed
3483 2016 3598 2075 ego
3626 1999 3712 2058 ele

3133 2090 3191 2166 gi
3220 2108 3329 2149 uos
3357 2090 3429 2150 de
3459 2091 3571 2152 hoc
3602 2111 3745 2153 mun

3133 2185 3212 2244 do
3233 2215 3247 2231 ·
3313 2184 3446 2245 ideo
3473 2203 3582 2246 uos
3610 2188 3734 2248 odit

3133 2279 3386 2338 mundus
3409 2312 3423 2327 ·
3448 2310 3461 2325 ·
3483 2313 3496 2327 ·
3569 2279 3614 2314 ²⁰
3631 2281 3836 2343 Memo

3132 2428 3224 2470 res
3251 2420 3439 2472 estote
3467 2414 3631 2474 uerbi
3660 2415 3773 2474 mei

3134 2506 3293 2584 quod
3320 2525 3435 2583 ego
3456 2508 3574 2567 dixi
3603 2511 3772 2569 uobis
3789 2541 3804 2556 ·

3134 2619 3255 2659 non
3282 2614 3370 2660 est
3400 2620 3599 2661 seruus
3627 2622 3724 2663 ma

3133 2695 3217 2755 ior
3244 2695 3364 2755 dfio
3395 2714 3504 2756 suo
3523 2729 3537 2743 ·
3602 2697 3663 2757 Si
3694 2718 3787 2758 me

3132 2792 3418 2868 persecuti
3449 2803 3582 2852 sunt
3601 2824 3615 2840 ·
3679 2793 3757 2853 Et

3131 2901 3240 2943 uos
3269 2897 3685 2964 persequentur
3705 2918 3719 2934 ·

3135 2977 3194 3035 Si
3223 2979 3466 3038 uerbum
3494 2999 3690 3041 meum
3718 3001 3824 3042 cus

3132 3072 3359 3132 todiunt
3383 3105 3398 3120 ·
3461 3085 3519 3134 et
3545 3084 3741 3136 uestrii

3133 3169 3447 3229 seruabunt
3471 3203 3485 3217 ·
3529 3169 3570 3203 ²¹
3595 3171 3709 3232 Sed

3134 3261 3277 3323 haec
3308 3265 3505 3324 omnia
3534 3265 3743 3326 facient

3135 3359 3303 3417 uobis
3331 3370 3567 3437 propter
3596 3381 3677 3422 no

3133 3470 3271 3512 men
3301 3472 3499 3513 meum
3567 3458 3704 3533 quia
3730 3458 3791 3536 ig

3134 3557 3344 3607 norant
3370 3567 3504 3607 eum
3532 3553 3632 3628 qui
3660 3572 3756 3613 me

3133 3643 3289 3701 misit
3313 3673 3327 3689 ·
3378 3642 3421 3674 ²²
3441 3644 3502 3703 Si
3533 3664 3656 3707 non
3683 3667 3756 3707 ue

3135 3738 3352 3796 nissem
3380 3749 3438 3798 et
3464 3739 3692 3800 locutus

3133 3830 3239 3890 illis
3268 3832 3503 3893 fuissem
3523 3866 3537 3882 ·
3595 3856 3778 3913 pecca

3133 3937 3257 3986 tum
3286 3948 3408 3993 non
3437 3930 3712 3991 haberent
3733 3965 3746 3979 ·

3135 4045 3292 4086 nunc
3324 4037 3516 4085 autem
3537 4046 3753 4087 excusa

3134 4122 3354 4181 tionem
3382 4141 3506 4182 non
3540 4122 3754 4183 habent

3136 4215 3209 4275 de
3228 4227 3473 4293 peccato
3493 4250 3506 4264 ·
3519 4218 3719 4296 †²⁸qui
3741 4238 3836 4279 me

3280 4311 3329 4359 in
3353 4316 3673 4375 penteconste

3856 504 3982 553 1⁸01.
4004 505 4132 553 238.
