<?xml version="1.0" encoding="UTF-8"?>
<!DOCTYPE html PUBLIC "-//W3C//DTD XHTML 1.0 Transitional//EN"
    "http://www.w3.org/TR/xhtml1/DTD/xhtml1-transitional.dtd">
<html xmlns="http://www.w3.org/1999/xhtml" xml:lang="en" lang="en">
 <head>
  <title>
</title>
<meta http-equiv="Content-Type" content="text/html;charset=utf-8" />
  <meta name='ocr-system' content='tesseract 3.04.00' />
  <meta name='ocr-capabilities' content='ocr_page ocr_carea ocr_par ocr_line ocrx_word'/>
</head>
<body>
  <div class='ocr_page' id='page_1' title='image "./oldlatinbiblica00wordgoog_0128.png"; bbox 0 0 4414 4917; ppageno 0'>
   <div class='ocr_carea' id='block_1_1' title="bbox 786 286 870 381">
    <p class='ocr_par' dir='ltr' id='par_1_1' title="bbox 786 286 870 381">
     <span class='ocr_line' id='line_1_1' title="bbox 786 286 870 381; baseline 0 0"><span class='ocrx_word' id='word_1_1' title='bbox 786 286 870 381; x_wconf 78' lang='lat'>68</span> 
     </span>
    </p>
   </div>
   <div class='ocr_carea' id='block_1_2' title="bbox 464 499 1305 578">
    <p class='ocr_par' dir='ltr' id='par_1_2' title="bbox 464 499 1305 578">
     <span class='ocr_line' id='line_1_2' title="bbox 464 499 1305 578; baseline 0.006 -24"><span class='ocrx_word' id='word_1_2' title='bbox 464 502 595 556; x_wconf 61' lang='grc' dir='ltr'><strong>ποι.</strong></span> <span class='ocrx_word' id='word_1_3' title='bbox 623 506 751 557; x_wconf 73' lang='grc'>244.</span> <span class='ocrx_word' id='word_1_4' title='bbox 785 510 843 560; x_wconf 92' lang='lat' dir='ltr'>et</span> <span class='ocrx_word' id='word_1_5' title='bbox 870 500 931 558; x_wconf 92' lang='lat' dir='ltr'>in</span> <span class='ocrx_word' id='word_1_6' title='bbox 958 499 1177 578; x_wconf 89' lang='lat' dir='ltr'>templo</span> <span class='ocrx_word' id='word_1_7' title='bbox 1205 500 1305 559; x_wconf 89' lang='lat' dir='ltr'>ubi</span> 
     </span>
    </p>
   </div>
   <div class='ocr_carea' id='block_1_3' title="bbox 783 595 1486 2351">
    <p class='ocr_par' dir='ltr' id='par_1_3' title="bbox 783 595 1486 1597">
     <span class='ocr_line' id='line_1_3' title="bbox 785 595 1378 673; baseline -0.002 -18"><span class='ocrx_word' id='word_1_8' title='bbox 785 613 1016 673; x_wconf 87' lang='lat' dir='ltr'>semper</span> <span class='ocrx_word' id='word_1_9' title='bbox 1044 595 1232 655; x_wconf 90' lang='lat' dir='ltr'>iudaei</span> <span class='ocrx_word' id='word_1_10' title='bbox 1260 614 1378 655; x_wconf 91' lang='lat' dir='ltr'>con</span> 
     </span>
     <span class='ocr_line' id='line_1_4' title="bbox 784 690 1357 749; baseline 0 -2"><span class='ocrx_word' id='word_1_11' title='bbox 784 691 1028 748; x_wconf 90' lang='lat' dir='ltr'>ueniunt</span> <span class='ocrx_word' id='word_1_12' title='bbox 1047 721 1063 735; x_wconf 93' lang='lat'><strong>·</strong></span> <span class='ocrx_word' id='word_1_13' title='bbox 1106 701 1163 749; x_wconf 92' lang='lat' dir='ltr'>et</span> <span class='ocrx_word' id='word_1_14' title='bbox 1192 690 1251 747; x_wconf 93' lang='lat' dir='ltr'>in</span> <span class='ocrx_word' id='word_1_15' title='bbox 1280 690 1357 748; x_wconf 89' lang='lat' dir='ltr'>ab</span> 
     </span>
     <span class='ocr_line' id='line_1_5' title="bbox 784 783 1316 843; baseline 0 -1"><span class='ocrx_word' id='word_1_16' title='bbox 784 784 1058 843; x_wconf 89' lang='lat' dir='ltr'>scondito</span> <span class='ocrx_word' id='word_1_17' title='bbox 1086 783 1316 843; x_wconf 89' lang='lat' dir='ltr'>locutus</span> 
     </span>
     <span class='ocr_line' id='line_1_6' title="bbox 786 877 1371 956; baseline 0 -19"><span class='ocrx_word' id='word_1_18' title='bbox 786 896 917 938; x_wconf 90' lang='lat' dir='ltr'>sum</span> <span class='ocrx_word' id='word_1_19' title='bbox 944 877 1122 936; x_wconf 91' lang='lat' dir='ltr'>nihil·</span> <span class='ocrx_word' id='word_1_20' title='bbox 1167 880 1211 912; x_wconf 81' lang='lat'>²¹</span> <span class='ocrx_word' id='word_1_21' title='bbox 1229 877 1371 956; x_wconf 91' lang='lat' dir='ltr'>quid</span> 
     </span>
     <span class='ocr_line' id='line_1_7' title="bbox 783 973 1273 1049; baseline 0.002 -19"><span class='ocrx_word' id='word_1_22' title='bbox 783 989 880 1031; x_wconf 89' lang='lat' dir='ltr'>me</span> <span class='ocrx_word' id='word_1_23' title='bbox 908 973 1229 1049; x_wconf 86' lang='lat' dir='ltr'>interrogas</span> <span class='ocrx_word' id='word_1_24' title='bbox 1259 1004 1273 1021; x_wconf 89' lang='lat'><strong>·</strong></span> 
     </span>
     <span class='ocr_line' id='line_1_8' title="bbox 784 1066 1347 1146; baseline 0.002 -21"><span class='ocrx_word' id='word_1_25' title='bbox 784 1066 1088 1142; x_wconf 86' lang='lat' dir='ltr'>Interroga</span> <span class='ocrx_word' id='word_1_26' title='bbox 1115 1086 1219 1126; x_wconf 92' lang='lat' dir='ltr'>eos</span> <span class='ocrx_word' id='word_1_27' title='bbox 1247 1067 1347 1146; x_wconf 90' lang='lat' dir='ltr'>qui</span> 
     </span>
     <span class='ocr_line' id='line_1_9' title="bbox 787 1160 1265 1239; baseline 0.002 -20"><span class='ocrx_word' id='word_1_28' title='bbox 787 1160 1093 1219; x_wconf 86' lang='lat' dir='ltr'>audierunt</span> <span class='ocrx_word' id='word_1_29' title='bbox 1122 1162 1265 1239; x_wconf 91' lang='lat' dir='ltr'>quid</span> 
     </span>
     <span class='ocr_line' id='line_1_10' title="bbox 786 1254 1346 1314; baseline 0 0"><span class='ocrx_word' id='word_1_30' title='bbox 786 1254 1016 1314; x_wconf 88' lang='lat' dir='ltr'>locutus</span> <span class='ocrx_word' id='word_1_31' title='bbox 1045 1272 1174 1313; x_wconf 90' lang='lat' dir='ltr'>sum</span> <span class='ocrx_word' id='word_1_32' title='bbox 1204 1255 1312 1314; x_wconf 94' lang='lat' dir='ltr'>illis</span> <span class='ocrx_word' id='word_1_33' title='bbox 1332 1287 1346 1301; x_wconf 93' lang='lat'><strong>·</strong></span> 
     </span>
     <span class='ocr_line' id='line_1_11' title="bbox 784 1347 1423 1427; baseline 0.005 -21"><span class='ocrx_word' id='word_1_34' title='bbox 784 1347 943 1407; x_wconf 90' lang='lat' dir='ltr'>Ecce</span> <span class='ocrx_word' id='word_1_35' title='bbox 973 1350 1063 1408; x_wconf 89' lang='lat' dir='ltr'>isti</span> <span class='ocrx_word' id='word_1_36' title='bbox 1092 1349 1281 1408; x_wconf 90' lang='lat' dir='ltr'>sciunt</span> <span class='ocrx_word' id='word_1_37' title='bbox 1309 1369 1423 1427; x_wconf 90' lang='lat' dir='ltr'>que</span> 
     </span>
     <span class='ocr_line' id='line_1_12' title="bbox 785 1442 1486 1520; baseline 0.006 -20"><span class='ocrx_word' id='word_1_38' title='bbox 785 1442 1032 1501; x_wconf 82' lang='lat' dir='ltr'>dixerim</span> <span class='ocrx_word' id='word_1_39' title='bbox 1058 1462 1172 1520; x_wconf 92' lang='lat' dir='ltr'>ego</span> <span class='ocrx_word' id='word_1_40' title='bbox 1196 1474 1211 1493; x_wconf 90' lang='lat'><strong>·</strong></span> <span class='ocrx_word' id='word_1_41' title='bbox 1254 1442 1299 1477; x_wconf 77' lang='lat'>²²</span> <span class='ocrx_word' id='word_1_42' title='bbox 1319 1444 1486 1504; x_wconf 91' lang='lat' dir='ltr'>Haec</span> 
     </span>
     <span class='ocr_line' id='line_1_13' title="bbox 783 1537 1324 1597; baseline 0 -1"><span class='ocrx_word' id='word_1_43' title='bbox 783 1546 980 1596; x_wconf 90' lang='lat' dir='ltr'>autem</span> <span class='ocrx_word' id='word_1_44' title='bbox 1010 1555 1145 1596; x_wconf 90' lang='lat' dir='ltr'>cum</span> <span class='ocrx_word' id='word_1_45' title='bbox 1175 1537 1324 1597; x_wconf 84' lang='lat' dir='ltr'><strong>dixis</strong></span> 
     </span>
    </p>

    <p class='ocr_par' dir='ltr' id='par_1_4' title="bbox 786 1630 1337 1785">
     <span class='ocr_line' id='line_1_14' title="bbox 786 1630 1337 1691; baseline 0 -2"><span class='ocrx_word' id='word_1_46' title='bbox 786 1640 875 1689; x_wconf 90' lang='lat' dir='ltr'>set</span> <span class='ocrx_word' id='word_1_47' title='bbox 894 1660 908 1676; x_wconf 89' lang='lat'><strong>·</strong></span> <span class='ocrx_word' id='word_1_48' title='bbox 953 1630 1124 1690; x_wconf 86' lang='lat' dir='ltr'>Unus</span> <span class='ocrx_word' id='word_1_49' title='bbox 1154 1632 1226 1691; x_wconf 92' lang='lat' dir='ltr'>de</span> <span class='ocrx_word' id='word_1_50' title='bbox 1255 1632 1337 1689; x_wconf 91' lang='lat' dir='ltr'>mi</span> 
     </span>
     <span class='ocr_line' id='line_1_15' title="bbox 787 1725 1246 1785; baseline 0.004 -3"><span class='ocrx_word' id='word_1_51' title='bbox 787 1725 980 1783; x_wconf 86' lang='lat' dir='ltr'>nistris</span> <span class='ocrx_word' id='word_1_52' title='bbox 1009 1725 1246 1785; x_wconf 88' lang='lat' dir='ltr'>adstans</span> 
     </span>
    </p>

    <p class='ocr_par' dir='ltr' id='par_1_5' title="bbox 786 1818 1318 1974">
     <span class='ocr_line' id='line_1_16' title="bbox 786 1818 1318 1896; baseline 0.002 -18"><span class='ocrx_word' id='word_1_53' title='bbox 786 1818 946 1878; x_wconf 85' lang='lat' dir='ltr'>dedit</span> <span class='ocrx_word' id='word_1_54' title='bbox 972 1820 1227 1896; x_wconf 89' lang='lat' dir='ltr'>palmam</span> <span class='ocrx_word' id='word_1_55' title='bbox 1257 1820 1318 1879; x_wconf 87' lang='lat' dir='ltr'>in</span> 
     </span>
     <span class='ocr_line' id='line_1_17' title="bbox 786 1912 1282 1974; baseline 0 -2"><span class='ocrx_word' id='word_1_56' title='bbox 786 1912 935 1972; x_wconf 87' lang='lat' dir='ltr'>facie</span> <span class='ocrx_word' id='word_1_57' title='bbox 966 1913 1054 1972; x_wconf 86' lang='lat' dir='ltr'>ihs</span> <span class='ocrx_word' id='word_1_58' title='bbox 1083 1915 1282 1974; x_wconf 91' lang='lat' dir='ltr'>dicens</span> 
     </span>
    </p>

    <p class='ocr_par' dir='ltr' id='par_1_6' title="bbox 787 2005 1407 2178">
     <span class='ocr_line' id='line_1_18' title="bbox 788 2005 1407 2086; baseline 0 -19"><span class='ocrx_word' id='word_1_59' title='bbox 788 2007 885 2067; x_wconf 92' lang='lat' dir='ltr'>Sic</span> <span class='ocrx_word' id='word_1_60' title='bbox 915 2008 1238 2084; x_wconf 88' lang='lat' dir='ltr'>respondes</span> <span class='ocrx_word' id='word_1_61' title='bbox 1276 2005 1407 2086; x_wconf 67' lang='lat' dir='ltr'>prin</span> 
     </span>
     <span class='ocr_line' id='line_1_19' title="bbox 787 2102 1339 2178; baseline 0.007 -19"><span class='ocrx_word' id='word_1_62' title='bbox 787 2102 902 2178; x_wconf 89' lang='lat' dir='ltr'>cipi</span> <span class='ocrx_word' id='word_1_63' title='bbox 932 2104 1301 2162; x_wconf 86' lang='lat' dir='ltr'>sacerdotum</span> <span class='ocrx_word' id='word_1_64' title='bbox 1324 2136 1339 2150; x_wconf 91' lang='lat'><strong>·</strong></span> 
     </span>
    </p>

    <p class='ocr_par' dir='ltr' id='par_1_7' title="bbox 784 2195 1441 2351">
     <span class='ocr_line' id='line_1_20' title="bbox 784 2195 1441 2274; baseline 0.003 -20"><span class='ocrx_word' id='word_1_65' title='bbox 784 2196 832 2232; x_wconf 78' lang='lat'>’⁸</span> <span class='ocrx_word' id='word_1_66' title='bbox 851 2195 1183 2274; x_wconf 90' lang='lat' dir='ltr'>Respondit</span> <span class='ocrx_word' id='word_1_67' title='bbox 1211 2199 1288 2256; x_wconf 93' lang='lat' dir='ltr'>illi</span> <span class='ocrx_word' id='word_1_68' title='bbox 1316 2198 1405 2256; x_wconf 81' lang='lat' dir='ltr'>ihs</span> <span class='ocrx_word' id='word_1_69' title='bbox 1425 2229 1441 2247; x_wconf 88' lang='lat'><strong>·</strong></span> 
     </span>
     <span class='ocr_line' id='line_1_21' title="bbox 789 2291 1375 2351; baseline 0.005 -3"><span class='ocrx_word' id='word_1_70' title='bbox 789 2291 838 2349; x_wconf 88' lang='lat' dir='ltr'>si</span> <span class='ocrx_word' id='word_1_71' title='bbox 866 2291 1018 2349; x_wconf 91' lang='lat' dir='ltr'>male</span> <span class='ocrx_word' id='word_1_72' title='bbox 1046 2291 1275 2351; x_wconf 88' lang='lat' dir='ltr'>locutus</span> <span class='ocrx_word' id='word_1_73' title='bbox 1304 2299 1375 2351; x_wconf 78' lang='lat' dir='ltr'>sii</span> 
     </span>
    </p>
   </div>
   <div class='ocr_carea' id='block_1_4' title="bbox 786 2422 1496 4197">
    <p class='ocr_par' dir='ltr' id='par_1_8' title="bbox 786 2422 1313 2501">
     <span class='ocr_line' id='line_1_22' title="bbox 786 2422 1313 2501; baseline 0.002 -19"><span class='ocrx_word' id='word_1_74' title='bbox 786 2422 1183 2482; x_wconf 90' lang='lat' dir='ltr'>testimonium</span> <span class='ocrx_word' id='word_1_75' title='bbox 1212 2441 1313 2501; x_wconf 89' lang='lat' dir='ltr'>per</span> 
     </span>
    </p>

    <p class='ocr_par' dir='ltr' id='par_1_9' title="bbox 789 2517 1465 3046">
     <span class='ocr_line' id='line_1_23' title="bbox 793 2517 1465 2578; baseline 0.004 -3"><span class='ocrx_word' id='word_1_76' title='bbox 793 2517 931 2576; x_wconf 88' lang='lat' dir='ltr'>hibe</span> <span class='ocrx_word' id='word_1_77' title='bbox 961 2518 1033 2577; x_wconf 93' lang='lat' dir='ltr'>de</span> <span class='ocrx_word' id='word_1_78' title='bbox 1063 2519 1220 2578; x_wconf 88' lang='lat' dir='ltr'>malo</span> <span class='ocrx_word' id='word_1_79' title='bbox 1244 2550 1259 2565; x_wconf 91' lang='lat'><strong>·</strong></span> <span class='ocrx_word' id='word_1_80' title='bbox 1306 2518 1367 2578; x_wconf 93' lang='lat' dir='ltr'>Si</span> <span class='ocrx_word' id='word_1_81' title='bbox 1391 2537 1465 2578; x_wconf 92' lang='lat' dir='ltr'>au</span> 
     </span>
     <span class='ocr_line' id='line_1_24' title="bbox 789 2612 1377 2690; baseline 0.007 -21"><span class='ocrx_word' id='word_1_82' title='bbox 789 2621 908 2671; x_wconf 90' lang='lat' dir='ltr'>tem</span> <span class='ocrx_word' id='word_1_83' title='bbox 937 2612 1085 2671; x_wconf 91' lang='lat' dir='ltr'>bene</span> <span class='ocrx_word' id='word_1_84' title='bbox 1113 2613 1254 2690; x_wconf 91' lang='lat' dir='ltr'>quid</span> <span class='ocrx_word' id='word_1_85' title='bbox 1282 2632 1377 2673; x_wconf 90' lang='lat' dir='ltr'>me</span> 
     </span>
     <span class='ocr_line' id='line_1_25' title="bbox 793 2707 1392 2767; baseline 0.005 -2"><span class='ocrx_word' id='word_1_86' title='bbox 793 2707 954 2765; x_wconf 89' lang='lat' dir='ltr'>cedis</span> <span class='ocrx_word' id='word_1_87' title='bbox 979 2737 993 2754; x_wconf 89' lang='lat'><strong>·</strong></span> <span class='ocrx_word' id='word_1_88' title='bbox 1036 2707 1082 2741; x_wconf 76' lang='lat'>²⁴</span> <span class='ocrx_word' id='word_1_89' title='bbox 1106 2707 1267 2766; x_wconf 89' lang='lat' dir='ltr'>Misit</span> <span class='ocrx_word' id='word_1_90' title='bbox 1294 2709 1392 2767; x_wconf 67' lang='lat' dir='ltr'>illi-1</span> 
     </span>
     <span class='ocr_line' id='line_1_26' title="bbox 792 2802 1369 2861; baseline 0.005 -3"><span class='ocrx_word' id='word_1_91' title='bbox 792 2818 980 2859; x_wconf 90' lang='lat' dir='ltr'>annas</span> <span class='ocrx_word' id='word_1_92' title='bbox 1002 2802 1265 2861; x_wconf 87' lang='lat' dir='ltr'>uinctum</span> <span class='ocrx_word' id='word_1_93' title='bbox 1294 2802 1369 2861; x_wconf 92' lang='lat' dir='ltr'>ad</span> 
     </span>
     <span class='ocr_line' id='line_1_27' title="bbox 793 2895 1370 2973; baseline 0.003 -21"><span class='ocrx_word' id='word_1_94' title='bbox 793 2895 1021 2952; x_wconf 85' lang='lat' dir='ltr'>caiafan</span> <span class='ocrx_word' id='word_1_95' title='bbox 1044 2896 1370 2973; x_wconf 89' lang='lat' dir='ltr'>principem</span> 
     </span>
     <span class='ocr_line' id='line_1_28' title="bbox 790 2987 1198 3046; baseline 0 0"><span class='ocrx_word' id='word_1_96' title='bbox 790 2987 1162 3046; x_wconf 87' lang='lat' dir='ltr'>sacerdotum</span> <span class='ocrx_word' id='word_1_97' title='bbox 1185 3020 1198 3034; x_wconf 93' lang='lat'><strong>·</strong></span> 
     </span>
    </p>

    <p class='ocr_par' dir='ltr' id='par_1_10' title="bbox 788 3081 1496 4197">
     <span class='ocr_line' id='line_1_29' title="bbox 790 3081 1494 3161; baseline 0.006 -23"><span class='ocrx_word' id='word_1_98' title='bbox 790 3081 987 3139; x_wconf 76' lang='lat' dir='ltr'>²⁶Erat</span> <span class='ocrx_word' id='word_1_99' title='bbox 1003 3092 1197 3141; x_wconf 90' lang='lat' dir='ltr'>autem</span> <span class='ocrx_word' id='word_1_100' title='bbox 1220 3083 1409 3142; x_wconf 91' lang='lat' dir='ltr'>simon</span> <span class='ocrx_word' id='word_1_101' title='bbox 1421 3103 1494 3161; x_wconf 91' lang='lat' dir='ltr'>pe</span> 
     </span>
     <span class='ocr_line' id='line_1_30' title="bbox 791 3177 1398 3237; baseline 0.007 -4"><span class='ocrx_word' id='word_1_102' title='bbox 791 3185 913 3234; x_wconf 90' lang='lat' dir='ltr'>trus</span> <span class='ocrx_word' id='word_1_103' title='bbox 942 3186 1101 3236; x_wconf 89' lang='lat' dir='ltr'>stans</span> <span class='ocrx_word' id='word_1_104' title='bbox 1129 3188 1187 3236; x_wconf 92' lang='lat' dir='ltr'>et</span> <span class='ocrx_word' id='word_1_105' title='bbox 1215 3177 1398 3237; x_wconf 89' lang='lat' dir='ltr'>calefa</span> 
     </span>
     <span class='ocr_line' id='line_1_31' title="bbox 791 3271 1451 3331; baseline 0.006 -4"><span class='ocrx_word' id='word_1_106' title='bbox 791 3271 950 3328; x_wconf 91' lang='lat' dir='ltr'>ciens</span> <span class='ocrx_word' id='word_1_107' title='bbox 979 3290 1041 3330; x_wconf 91' lang='lat' dir='ltr'>se</span> <span class='ocrx_word' id='word_1_108' title='bbox 1064 3302 1078 3316; x_wconf 93' lang='lat'><strong>·</strong></span> <span class='ocrx_word' id='word_1_109' title='bbox 1124 3272 1393 3331; x_wconf 84' lang='lat' dir='ltr'>dixerunt</span> <span class='ocrx_word' id='word_1_110' title='bbox 1425 3289 1451 3316; x_wconf 45' lang='grc' dir='ltr'>ὁ</span> 
     </span>
     <span class='ocr_line' id='line_1_32' title="bbox 789 3364 1409 3444; baseline 0.005 -21"><span class='ocrx_word' id='word_1_111' title='bbox 789 3382 934 3442; x_wconf 89' lang='lat' dir='ltr'>ergo</span> <span class='ocrx_word' id='word_1_112' title='bbox 962 3364 1040 3423; x_wconf 93' lang='lat' dir='ltr'>illi</span> <span class='ocrx_word' id='word_1_113' title='bbox 1064 3396 1078 3411; x_wconf 91' lang='lat'><strong>·</strong></span> <span class='ocrx_word' id='word_1_114' title='bbox 1123 3367 1409 3444; x_wconf 90' lang='lat' dir='ltr'>numquid</span> 
     </span>
     <span class='ocr_line' id='line_1_33' title="bbox 790 3460 1366 3537; baseline 0.003 -19"><span class='ocrx_word' id='word_1_115' title='bbox 790 3469 850 3518; x_wconf 90' lang='lat' dir='ltr'>et</span> <span class='ocrx_word' id='word_1_116' title='bbox 876 3471 939 3518; x_wconf 91' lang='lat' dir='ltr'>tu</span> <span class='ocrx_word' id='word_1_117' title='bbox 970 3460 1041 3519; x_wconf 93' lang='lat' dir='ltr'>de</span> <span class='ocrx_word' id='word_1_118' title='bbox 1071 3460 1366 3537; x_wconf 87' lang='lat' dir='ltr'>discipulis</span> 
     </span>
     <span class='ocr_line' id='line_1_34' title="bbox 788 3554 1445 3631; baseline 0.005 -20"><span class='ocrx_word' id='word_1_119' title='bbox 788 3554 916 3612; x_wconf 86' lang='lat' dir='ltr'>eius</span> <span class='ocrx_word' id='word_1_120' title='bbox 943 3573 1007 3614; x_wconf 89' lang='lat' dir='ltr'>es</span> <span class='ocrx_word' id='word_1_121' title='bbox 1031 3585 1047 3601; x_wconf 91' lang='lat'><strong>·</strong></span> <span class='ocrx_word' id='word_1_122' title='bbox 1091 3557 1326 3631; x_wconf 90' lang='lat' dir='ltr'>negauit</span> <span class='ocrx_word' id='word_1_123' title='bbox 1353 3556 1445 3615; x_wconf 91' lang='lat' dir='ltr'>ille</span> 
     </span>
     <span class='ocr_line' id='line_1_35' title="bbox 790 3648 1496 3711; baseline 0.006 -4"><span class='ocrx_word' id='word_1_124' title='bbox 790 3658 850 3707; x_wconf 89' lang='lat' dir='ltr'>et</span> <span class='ocrx_word' id='word_1_125' title='bbox 868 3648 1011 3707; x_wconf 81' lang='lat' dir='ltr'>dixit</span> <span class='ocrx_word' id='word_1_126' title='bbox 1028 3667 1150 3708; x_wconf 91' lang='lat' dir='ltr'>non</span> <span class='ocrx_word' id='word_1_127' title='bbox 1170 3667 1300 3708; x_wconf 91' lang='lat' dir='ltr'>sum</span> <span class='ocrx_word' id='word_1_128' title='bbox 1325 3682 1338 3697; x_wconf 93' lang='lat'><strong>·</strong></span> <span class='ocrx_word' id='word_1_129' title='bbox 1382 3648 1496 3711; x_wconf 72' lang='lat' dir='ltr'>5&#39;‘di</span> 
     </span>
     <span class='ocr_line' id='line_1_36' title="bbox 789 3742 1358 3803; baseline 0.005 -3"><span class='ocrx_word' id='word_1_130' title='bbox 789 3742 869 3801; x_wconf 94' lang='lat' dir='ltr'>cit</span> <span class='ocrx_word' id='word_1_131' title='bbox 897 3760 1050 3801; x_wconf 90' lang='lat' dir='ltr'>unus</span> <span class='ocrx_word' id='word_1_132' title='bbox 1075 3762 1149 3802; x_wconf 85' lang='lat' dir='ltr'>ex</span> <span class='ocrx_word' id='word_1_133' title='bbox 1179 3746 1358 3803; x_wconf 90' lang='lat' dir='ltr'>seruis</span> 
     </span>
     <span class='ocr_line' id='line_1_37' title="bbox 788 3838 1341 3914; baseline 0.005 -20"><span class='ocrx_word' id='word_1_134' title='bbox 788 3838 1070 3914; x_wconf 90' lang='lat' dir='ltr'>principis</span> <span class='ocrx_word' id='word_1_135' title='bbox 1099 3839 1341 3897; x_wconf 85' lang='lat' dir='ltr'>sacerdo</span> 
     </span>
     <span class='ocr_line' id='line_1_38' title="bbox 790 3932 1390 4010; baseline 0.007 -21"><span class='ocrx_word' id='word_1_136' title='bbox 790 3940 917 3990; x_wconf 88' lang='lat' dir='ltr'>tum</span> <span class='ocrx_word' id='word_1_137' title='bbox 973 3932 1074 4010; x_wconf 92' lang='lat' dir='ltr'>qui</span> <span class='ocrx_word' id='word_1_138' title='bbox 1103 3943 1390 4009; x_wconf 88' lang='lat' dir='ltr'>cognatus</span> 
     </span>
     <span class='ocr_line' id='line_1_39' title="bbox 796 4026 1362 4086; baseline 0.004 -2"><span class='ocrx_word' id='word_1_139' title='bbox 796 4036 920 4084; x_wconf 91' lang='lat' dir='ltr'>erat</span> <span class='ocrx_word' id='word_1_140' title='bbox 949 4026 1098 4085; x_wconf 88' lang='lat' dir='ltr'>illius</span> <span class='ocrx_word' id='word_1_141' title='bbox 1122 4058 1133 4072; x_wconf 93' lang='lat'><strong>·</strong></span> <span class='ocrx_word' id='word_1_142' title='bbox 1194 4027 1362 4086; x_wconf 86' lang='lat' dir='ltr'>cuius</span> 
     </span>
     <span class='ocr_line' id='line_1_40' title="bbox 793 4129 1417 4197; baseline 0.005 -20"><span class='ocrx_word' id='word_1_143' title='bbox 793 4129 1190 4196; x_wconf 87' lang='lat' dir='ltr'>amputauerat</span> <span class='ocrx_word' id='word_1_144' title='bbox 1219 4131 1417 4197; x_wconf 89' lang='lat' dir='ltr'>petrus</span> 
     </span>
    </p>
   </div>
   <div class='ocr_carea' id='block_1_5' title="bbox 793 4204 1461 4304">
    <p class='ocr_par' dir='ltr' id='par_1_11' title="bbox 793 4204 1461 4304">
     <span class='ocr_line' id='line_1_41' title="bbox 793 4204 1461 4304; baseline 0.007 -22"><span class='ocrx_word' id='word_1_145' title='bbox 793 4225 1112 4284; x_wconf 86' lang='lat' dir='ltr'>auriculam</span> <span class='ocrx_word' id='word_1_146' title='bbox 1137 4257 1151 4273; x_wconf 92' lang='lat'><strong>·</strong></span> <span class='ocrx_word' id='word_1_147' title='bbox 1197 4204 1317 4286; x_wconf 75' lang='lat' dir='ltr'>noii</span> <span class='ocrx_word' id='word_1_148' title='bbox 1346 4245 1461 4304; x_wconf 86' lang='lat' dir='ltr'>ego</span> 
     </span>
    </p>
   </div>
   <div class='ocr_carea' id='block_1_6' title="bbox 2087 324 2494 391">
    <p class='ocr_par' dir='ltr' id='par_1_12' title="bbox 2087 324 2494 391">
     <span class='ocr_line' id='line_1_42' title="bbox 2087 324 2494 391; baseline 0.007 -3"><span class='ocrx_word' id='word_1_149' title='bbox 2087 324 2262 390; x_wconf 87' lang='lat' dir='ltr'>SEC</span> <span class='ocrx_word' id='word_1_150' title='bbox 2271 328 2461 391; x_wconf 83' lang='lat' dir='ltr'>UND</span> <span class='ocrx_word' id='word_1_151' title='bbox 2478 359 2494 376; x_wconf 93' lang='lat'><strong>·</strong></span> 
     </span>
    </p>
   </div>
   <div class='ocr_carea' id='block_1_7' title="bbox 1535 502 2107 956">
    <p class='ocr_par' dir='ltr' id='par_1_13' title="bbox 1535 502 2107 956">
     <span class='ocr_line' id='line_1_43' title="bbox 1536 502 2028 563; baseline 0.006 -3"><span class='ocrx_word' id='word_1_152' title='bbox 1536 510 1594 562; x_wconf 91' lang='lat' dir='ltr'>te</span> <span class='ocrx_word' id='word_1_153' title='bbox 1619 503 1739 562; x_wconf 91' lang='lat' dir='ltr'>uidi</span> <span class='ocrx_word' id='word_1_154' title='bbox 1767 502 1828 562; x_wconf 89' lang='lat' dir='ltr'>in</span> <span class='ocrx_word' id='word_1_155' title='bbox 1856 502 2028 563; x_wconf 93' lang='lat' dir='ltr'>horto</span> 
     </span>
     <span class='ocr_line' id='line_1_44' title="bbox 1535 595 2097 657; baseline 0.002 -1"><span class='ocrx_word' id='word_1_156' title='bbox 1535 614 1671 656; x_wconf 90' lang='lat' dir='ltr'>cum</span> <span class='ocrx_word' id='word_1_157' title='bbox 1701 597 1799 656; x_wconf 90' lang='lat' dir='ltr'>illo</span> <span class='ocrx_word' id='word_1_158' title='bbox 1823 629 1838 644; x_wconf 91' lang='lat'><strong>·</strong></span> <span class='ocrx_word' id='word_1_159' title='bbox 1879 595 1924 631; x_wconf 81' lang='lat'>²⁷</span> <span class='ocrx_word' id='word_1_160' title='bbox 1943 598 2097 657; x_wconf 77' lang='lat' dir='ltr'>Iten‘x</span> 
     </span>
     <span class='ocr_line' id='line_1_45' title="bbox 1535 694 2046 770; baseline 0 -20"><span class='ocrx_word' id='word_1_161' title='bbox 1535 710 1678 767; x_wconf 89' lang='lat' dir='ltr'>ergo</span> <span class='ocrx_word' id='word_1_162' title='bbox 1708 694 1943 769; x_wconf 87' lang='lat' dir='ltr'>negauit</span> <span class='ocrx_word' id='word_1_163' title='bbox 1971 712 2046 770; x_wconf 91' lang='lat' dir='ltr'>pe</span> 
     </span>
     <span class='ocr_line' id='line_1_46' title="bbox 1535 789 1979 845; baseline 0.005 -2"><span class='ocrx_word' id='word_1_164' title='bbox 1535 795 1657 844; x_wconf 90' lang='lat' dir='ltr'>trus</span> <span class='ocrx_word' id='word_1_165' title='bbox 1700 796 1757 845; x_wconf 92' lang='lat' dir='ltr'>et</span> <span class='ocrx_word' id='word_1_166' title='bbox 1786 789 1979 845; x_wconf 87' lang='lat' dir='ltr'>statim</span> 
     </span>
     <span class='ocr_line' id='line_1_47' title="bbox 1536 878 2107 956; baseline 0 -18"><span class='ocrx_word' id='word_1_167' title='bbox 1536 878 1725 956; x_wconf 89' lang='lat' dir='ltr'>gallus</span> <span class='ocrx_word' id='word_1_168' title='bbox 1754 882 2006 940; x_wconf 92' lang='lat' dir='ltr'>cantauit</span> <span class='ocrx_word' id='word_1_169' title='bbox 2023 906 2107 930; x_wconf 58' lang='lat' dir='ltr'>m</span> 
     </span>
    </p>
   </div>
   <div class='ocr_carea' id='block_1_8' title="bbox 1475 973 2116 1318">
    <p class='ocr_par' dir='ltr' id='par_1_14' title="bbox 1477 973 2082 1128">
     <span class='ocr_line' id='line_1_48' title="bbox 1477 973 2082 1052; baseline 0.005 -21"><span class='ocrx_word' id='word_1_170' title='bbox 1477 973 1511 1011; x_wconf 86' lang='lat'><strong>*</strong></span> <span class='ocrx_word' id='word_1_171' title='bbox 1531 974 1575 1007; x_wconf 79' lang='lat'>²⁸</span> <span class='ocrx_word' id='word_1_172' title='bbox 1591 973 1911 1034; x_wconf 90' lang='lat' dir='ltr'>Adducunt</span> <span class='ocrx_word' id='word_1_173' title='bbox 1939 992 2082 1052; x_wconf 90' lang='lat' dir='ltr'>ergo</span> 
     </span>
     <span class='ocr_line' id='line_1_49' title="bbox 1480 1067 2031 1128; baseline 0.004 -2"><span class='ocrx_word' id='word_1_174' title='bbox 1480 1068 1513 1105; x_wconf 86' lang='grc'>*</span> <span class='ocrx_word' id='word_1_175' title='bbox 1535 1067 1659 1126; x_wconf 79' lang='lat' dir='ltr'>ihm</span> <span class='ocrx_word' id='word_1_176' title='bbox 1682 1099 1696 1114; x_wconf 92' lang='lat'><strong>·</strong></span> <span class='ocrx_word' id='word_1_177' title='bbox 1741 1088 1776 1127; x_wconf 90' lang='lat' dir='ltr'>a</span> <span class='ocrx_word' id='word_1_178' title='bbox 1805 1069 2031 1128; x_wconf 88' lang='lat' dir='ltr'>caiafan</span> 
     </span>
    </p>

    <p class='ocr_par' dir='ltr' id='par_1_15' title="bbox 1475 1162 2014 1239">
     <span class='ocr_line' id='line_1_50' title="bbox 1475 1162 2014 1239; baseline 0.004 -20"><span class='ocrx_word' id='word_1_179' title='bbox 1475 1162 1508 1199; x_wconf 87' lang='grc'>*</span> <span class='ocrx_word' id='word_1_180' title='bbox 1534 1163 1595 1220; x_wconf 92' lang='lat' dir='ltr'>in</span> <span class='ocrx_word' id='word_1_181' title='bbox 1623 1164 1937 1239; x_wconf 89' lang='lat' dir='ltr'>pretorium</span> <span class='ocrx_word' id='word_1_182' title='bbox 1957 1195 1971 1209; x_wconf 92' lang='lat'><strong>·</strong></span> <span class='ocrx_word' id='word_1_183' title='bbox 1998 1194 2014 1210; x_wconf 92' lang='lat'><strong>·</strong></span> 
     </span>
    </p>

    <p class='ocr_par' dir='ltr' id='par_1_16' title="bbox 1478 1253 2116 1318">
     <span class='ocr_line' id='line_1_51' title="bbox 1478 1253 2116 1318; baseline 0.006 -4"><span class='ocrx_word' id='word_1_184' title='bbox 1478 1253 1508 1286; x_wconf 85' lang='grc'>*</span> <span class='ocrx_word' id='word_1_185' title='bbox 1529 1266 1652 1315; x_wconf 91' lang='lat' dir='ltr'>erat</span> <span class='ocrx_word' id='word_1_186' title='bbox 1681 1266 1875 1315; x_wconf 90' lang='lat' dir='ltr'>autem</span> <span class='ocrx_word' id='word_1_187' title='bbox 1904 1276 2077 1318; x_wconf 92' lang='lat' dir='ltr'>mane</span> <span class='ocrx_word' id='word_1_188' title='bbox 2101 1289 2116 1305; x_wconf 90' lang='lat'><strong>·</strong></span> 
     </span>
    </p>
   </div>
   <div class='ocr_carea' id='block_1_9' title="bbox 1532 1350 2237 2355">
    <p class='ocr_par' dir='ltr' id='par_1_17' title="bbox 1532 1350 2125 1616">
     <span class='ocr_line' id='line_1_52' title="bbox 1532 1350 2125 1426; baseline 0.007 -19"><span class='ocrx_word' id='word_1_189' title='bbox 1532 1358 1590 1408; x_wconf 92' lang='lat' dir='ltr'>et</span> <span class='ocrx_word' id='word_1_190' title='bbox 1617 1350 1726 1426; x_wconf 91' lang='lat' dir='ltr'>ipsi</span> <span class='ocrx_word' id='word_1_191' title='bbox 1755 1368 1879 1409; x_wconf 93' lang='lat' dir='ltr'>non</span> <span class='ocrx_word' id='word_1_192' title='bbox 1905 1352 2125 1412; x_wconf 91' lang='lat' dir='ltr'>intraue</span> 
     </span>
     <span class='ocr_line' id='line_1_53' title="bbox 1533 1445 2114 1521; baseline 0.007 -20"><span class='ocrx_word' id='word_1_193' title='bbox 1533 1454 1669 1502; x_wconf 87' lang='lat' dir='ltr'>runt</span> <span class='ocrx_word' id='word_1_194' title='bbox 1695 1445 1759 1502; x_wconf 92' lang='lat' dir='ltr'>in</span> <span class='ocrx_word' id='word_1_195' title='bbox 1786 1446 2074 1521; x_wconf 65' lang='lat' dir='ltr'>praetorii]</span> <span class='ocrx_word' id='word_1_196' title='bbox 2098 1477 2114 1491; x_wconf 94' lang='lat'><strong>·</strong></span> 
     </span>
     <span class='ocr_line' id='line_1_54' title="bbox 1534 1539 2057 1616; baseline 0.004 -20"><span class='ocrx_word' id='word_1_197' title='bbox 1534 1555 1609 1597; x_wconf 91' lang='lat' dir='ltr'>ne</span> <span class='ocrx_word' id='word_1_198' title='bbox 1638 1539 2057 1616; x_wconf 91' lang='lat' dir='ltr'>coinquinaren</span> 
     </span>
    </p>

    <p class='ocr_par' dir='ltr' id='par_1_18' title="bbox 1535 1634 2138 1804">
     <span class='ocr_line' id='line_1_55' title="bbox 1535 1634 2138 1693; baseline 0.007 -3"><span class='ocrx_word' id='word_1_199' title='bbox 1535 1642 1628 1690; x_wconf 90' lang='lat' dir='ltr'>tur</span> <span class='ocrx_word' id='word_1_200' title='bbox 1696 1634 1800 1692; x_wconf 91' lang='lat' dir='ltr'>sed</span> <span class='ocrx_word' id='word_1_201' title='bbox 1828 1644 1891 1691; x_wconf 90' lang='lat' dir='ltr'>ut</span> <span class='ocrx_word' id='word_1_202' title='bbox 1919 1635 2138 1693; x_wconf 89' lang='lat' dir='ltr'>mandu</span> 
     </span>
     <span class='ocr_line' id='line_1_56' title="bbox 1538 1729 2017 1804; baseline 0.004 -18"><span class='ocrx_word' id='word_1_203' title='bbox 1538 1737 1735 1787; x_wconf 89' lang='lat' dir='ltr'>carent</span> <span class='ocrx_word' id='word_1_204' title='bbox 1763 1729 1981 1804; x_wconf 91' lang='lat' dir='ltr'>pascha</span> <span class='ocrx_word' id='word_1_205' title='bbox 2003 1760 2017 1775; x_wconf 92' lang='lat'><strong>·</strong></span> 
     </span>
    </p>

    <p class='ocr_par' dir='ltr' id='par_1_19' title="bbox 1536 1817 2237 2165">
     <span class='ocr_line' id='line_1_57' title="bbox 1536 1817 2201 1900; baseline 0.008 -22"><span class='ocrx_word' id='word_1_206' title='bbox 1536 1817 1580 1854; x_wconf 78' lang='lat'>²⁹</span> <span class='ocrx_word' id='word_1_207' title='bbox 1599 1821 1797 1880; x_wconf 85' lang='lat' dir='ltr'>Exiuit</span> <span class='ocrx_word' id='word_1_208' title='bbox 1822 1841 1963 1899; x_wconf 89' lang='lat' dir='ltr'>ergo</span> <span class='ocrx_word' id='word_1_209' title='bbox 1993 1824 2201 1900; x_wconf 89' lang='lat' dir='ltr'>pilatus</span> 
     </span>
     <span class='ocr_line' id='line_1_58' title="bbox 1536 1915 2237 1997; baseline 0.004 -23"><span class='ocrx_word' id='word_1_210' title='bbox 1536 1915 1612 1974; x_wconf 89' lang='lat' dir='ltr'>ad</span> <span class='ocrx_word' id='word_1_211' title='bbox 1641 1916 1769 1974; x_wconf 92' lang='lat' dir='ltr'>illos</span> <span class='ocrx_word' id='word_1_212' title='bbox 1798 1926 1855 1974; x_wconf 91' lang='lat' dir='ltr'>et</span> <span class='ocrx_word' id='word_1_213' title='bbox 1883 1917 2024 1975; x_wconf 88' lang='lat' dir='ltr'>dixit</span> <span class='ocrx_word' id='word_1_214' title='bbox 2049 1948 2065 1964; x_wconf 91' lang='lat'><strong>·</strong></span> <span class='ocrx_word' id='word_1_215' title='bbox 2120 1926 2237 1997; x_wconf 72' lang='lat' dir='ltr'>qua</span> 
     </span>
     <span class='ocr_line' id='line_1_59' title="bbox 1536 2011 2058 2070; baseline 0.002 -2"><span class='ocrx_word' id='word_1_216' title='bbox 1536 2011 1968 2070; x_wconf 88' lang='lat' dir='ltr'>accusationem</span> <span class='ocrx_word' id='word_1_217' title='bbox 1996 2012 2058 2070; x_wconf 93' lang='lat' dir='ltr'>in</span> 
     </span>
     <span class='ocr_line' id='line_1_60' title="bbox 1537 2102 2123 2165; baseline 0.009 -5"><span class='ocrx_word' id='word_1_218' title='bbox 1537 2102 1695 2162; x_wconf 89' lang='lat' dir='ltr'>fertis</span> <span class='ocrx_word' id='word_1_219' title='bbox 1722 2104 1857 2163; x_wconf 89' lang='lat' dir='ltr'>huic</span> <span class='ocrx_word' id='word_1_220' title='bbox 1886 2104 2123 2165; x_wconf 75' lang='lat' dir='ltr'>homine</span> 
     </span>
    </p>

    <p class='ocr_par' dir='ltr' id='par_1_20' title="bbox 1536 2196 2166 2355">
     <span class='ocr_line' id='line_1_61' title="bbox 1536 2196 2137 2273; baseline 0.008 -19"><span class='ocrx_word' id='word_1_221' title='bbox 1536 2196 1584 2230; x_wconf 82' lang='lat'>⁸⁰</span> <span class='ocrx_word' id='word_1_222' title='bbox 1602 2197 2053 2273; x_wconf 89' lang='lat' dir='ltr'>Responderunt</span> <span class='ocrx_word' id='word_1_223' title='bbox 2080 2211 2137 2259; x_wconf 93' lang='lat' dir='ltr'>et</span> 
     </span>
     <span class='ocr_line' id='line_1_62' title="bbox 1541 2292 2166 2355; baseline 0.005 -5"><span class='ocrx_word' id='word_1_224' title='bbox 1541 2292 1805 2351; x_wconf 82' lang='lat' dir='ltr'>dixerunt</span> <span class='ocrx_word' id='word_1_225' title='bbox 1832 2293 1923 2352; x_wconf 91' lang='lat' dir='ltr'>ei·</span> <span class='ocrx_word' id='word_1_226' title='bbox 1967 2295 2015 2353; x_wconf 92' lang='lat' dir='ltr'>si</span> <span class='ocrx_word' id='word_1_227' title='bbox 2044 2313 2166 2355; x_wconf 92' lang='lat' dir='ltr'>non</span> 
     </span>
    </p>
   </div>
   <div class='ocr_carea' id='block_1_10' title="bbox 1541 2424 2244 4290">
    <p class='ocr_par' dir='ltr' id='par_1_21' title="bbox 1541 2424 2243 3350">
     <span class='ocr_line' id='line_1_63' title="bbox 1541 2424 2180 2486; baseline 0.005 -3"><span class='ocrx_word' id='word_1_228' title='bbox 1541 2434 1693 2484; x_wconf 92' lang='lat' dir='ltr'>esset</span> <span class='ocrx_word' id='word_1_229' title='bbox 1721 2424 1815 2485; x_wconf 91' lang='lat' dir='ltr'>hic</span> <span class='ocrx_word' id='word_1_230' title='bbox 1844 2426 2180 2486; x_wconf 86' lang='lat' dir='ltr'>malefactor</span> 
     </span>
     <span class='ocr_line' id='line_1_64' title="bbox 1543 2521 2178 2582; baseline 0.009 -6"><span class='ocrx_word' id='word_1_231' title='bbox 1543 2538 1666 2577; x_wconf 92' lang='lat' dir='ltr'>non</span> <span class='ocrx_word' id='word_1_232' title='bbox 1695 2521 1797 2579; x_wconf 91' lang='lat' dir='ltr'>tibi</span> <span class='ocrx_word' id='word_1_233' title='bbox 1826 2521 2178 2582; x_wconf 86' lang='lat' dir='ltr'>traderemus</span> 
     </span>
     <span class='ocr_line' id='line_1_65' title="bbox 1543 2612 2182 2692; baseline 0.008 -21"><span class='ocrx_word' id='word_1_234' title='bbox 1543 2613 1705 2672; x_wconf 90' lang='lat' dir='ltr'>illum</span> <span class='ocrx_word' id='word_1_235' title='bbox 1730 2646 1744 2660; x_wconf 92' lang='lat'><strong>·</strong></span> <span class='ocrx_word' id='word_1_236' title='bbox 1788 2612 1830 2647; x_wconf 82' lang='lat'>⁸¹</span> <span class='ocrx_word' id='word_1_237' title='bbox 1848 2615 2012 2674; x_wconf 83' lang='lat' dir='ltr'>Dixit</span> <span class='ocrx_word' id='word_1_238' title='bbox 2040 2635 2182 2692; x_wconf 92' lang='lat' dir='ltr'>ergo</span> 
     </span>
     <span class='ocr_line' id='line_1_66' title="bbox 1542 2708 2165 2788; baseline 0.006 -23"><span class='ocrx_word' id='word_1_239' title='bbox 1542 2708 1653 2767; x_wconf 91' lang='lat' dir='ltr'>illis</span> <span class='ocrx_word' id='word_1_240' title='bbox 1687 2709 1896 2785; x_wconf 88' lang='lat' dir='ltr'>pilatus</span> <span class='ocrx_word' id='word_1_241' title='bbox 1920 2741 1934 2756; x_wconf 90' lang='lat'><strong>·</strong></span> <span class='ocrx_word' id='word_1_242' title='bbox 1979 2713 2165 2788; x_wconf 90' lang='lat' dir='ltr'>accipi</span> 
     </span>
     <span class='ocr_line' id='line_1_67' title="bbox 1541 2813 2243 2865; baseline 0.006 -4"><span class='ocrx_word' id='word_1_243' title='bbox 1541 2813 1595 2861; x_wconf 91' lang='lat' dir='ltr'>te</span> <span class='ocrx_word' id='word_1_244' title='bbox 1624 2822 1761 2862; x_wconf 90' lang='lat' dir='ltr'>eum</span> <span class='ocrx_word' id='word_1_245' title='bbox 1788 2821 1900 2863; x_wconf 89' lang='lat' dir='ltr'>uos</span> <span class='ocrx_word' id='word_1_246' title='bbox 1922 2835 1936 2850; x_wconf 89' lang='lat'><strong>·</strong></span> <span class='ocrx_word' id='word_1_247' title='bbox 1979 2814 2035 2863; x_wconf 93' lang='lat' dir='ltr'>et</span> <span class='ocrx_word' id='word_1_248' title='bbox 2065 2825 2243 2865; x_wconf 89' lang='lat' dir='ltr'>secun</span> 
     </span>
     <span class='ocr_line' id='line_1_68' title="bbox 1546 2896 2176 2973; baseline 0.006 -19"><span class='ocrx_word' id='word_1_249' title='bbox 1546 2896 1687 2955; x_wconf 91' lang='lat' dir='ltr'>dum</span> <span class='ocrx_word' id='word_1_250' title='bbox 1716 2898 1905 2973; x_wconf 91' lang='lat' dir='ltr'>legem</span> <span class='ocrx_word' id='word_1_251' title='bbox 1932 2909 2176 2958; x_wconf 66' lang='lat' dir='ltr'>uestra-</span> 
     </span>
     <span class='ocr_line' id='line_1_69' title="bbox 1543 2989 2083 3050; baseline 0.007 -3"><span class='ocrx_word' id='word_1_252' title='bbox 1543 2989 1790 3050; x_wconf 90' lang='lat' dir='ltr'>iudicate</span> <span class='ocrx_word' id='word_1_253' title='bbox 1818 2991 1979 3050; x_wconf 88' lang='lat' dir='ltr'>illurn</span> <span class='ocrx_word' id='word_1_254' title='bbox 1998 3025 2083 3038; x_wconf 88' lang='lat'>-—</span> 
     </span>
     <span class='ocr_line' id='line_1_70' title="bbox 1544 3082 2199 3146; baseline 0.009 -6"><span class='ocrx_word' id='word_1_255' title='bbox 1544 3082 1834 3142; x_wconf 84' lang='lat' dir='ltr'>Dixerunt</span> <span class='ocrx_word' id='word_1_256' title='bbox 1864 3086 1942 3144; x_wconf 92' lang='lat' dir='ltr'>illi</span> <span class='ocrx_word' id='word_1_257' title='bbox 1972 3087 2161 3146; x_wconf 90' lang='lat' dir='ltr'>iudaei</span> <span class='ocrx_word' id='word_1_258' title='bbox 2185 3119 2199 3134; x_wconf 92' lang='lat'><strong>·</strong></span> 
     </span>
     <span class='ocr_line' id='line_1_71' title="bbox 1544 3178 2182 3241; baseline 0.009 -6"><span class='ocrx_word' id='word_1_259' title='bbox 1544 3178 1715 3236; x_wconf 89' lang='lat' dir='ltr'>nobis</span> <span class='ocrx_word' id='word_1_260' title='bbox 1743 3196 1867 3237; x_wconf 91' lang='lat' dir='ltr'>non</span> <span class='ocrx_word' id='word_1_261' title='bbox 1895 3179 2024 3238; x_wconf 91' lang='lat' dir='ltr'>licet</span> <span class='ocrx_word' id='word_1_262' title='bbox 2052 3183 2182 3241; x_wconf 91' lang='lat' dir='ltr'>occi</span> 
     </span>
     <span class='ocr_line' id='line_1_72' title="bbox 1546 3271 2099 3350; baseline 0.007 -21"><span class='ocrx_word' id='word_1_263' title='bbox 1546 3271 1679 3330; x_wconf 89' lang='lat' dir='ltr'>dere</span> <span class='ocrx_word' id='word_1_264' title='bbox 1707 3291 2062 3350; x_wconf 89' lang='lat' dir='ltr'>quemquam</span> <span class='ocrx_word' id='word_1_265' title='bbox 2085 3305 2099 3320; x_wconf 93' lang='lat'><strong>·</strong></span> 
     </span>
    </p>

    <p class='ocr_par' dir='ltr' id='par_1_22' title="bbox 1544 3364 2244 3709">
     <span class='ocr_line' id='line_1_73' title="bbox 1544 3364 2244 3446; baseline 0.006 -23"><span class='ocrx_word' id='word_1_266' title='bbox 1544 3365 1590 3399; x_wconf 57' lang='grc' dir='ltr'>θ’</span> <span class='ocrx_word' id='word_1_267' title='bbox 1600 3364 1683 3424; x_wconf 91' lang='lat' dir='ltr'>Ut</span> <span class='ocrx_word' id='word_1_268' title='bbox 1699 3368 1943 3425; x_wconf 89' lang='lat' dir='ltr'>uerbum</span> <span class='ocrx_word' id='word_1_269' title='bbox 1953 3368 2050 3427; x_wconf 81' lang='lat' dir='ltr'>ihu</span> <span class='ocrx_word' id='word_1_270' title='bbox 2069 3370 2244 3446; x_wconf 91' lang='lat' dir='ltr'>imple</span> 
     </span>
     <span class='ocr_line' id='line_1_74' title="bbox 1545 3462 2057 3538; baseline 0.006 -21"><span class='ocrx_word' id='word_1_271' title='bbox 1545 3469 1697 3518; x_wconf 88' lang='lat' dir='ltr'>retur</span> <span class='ocrx_word' id='word_1_272' title='bbox 1724 3462 1886 3538; x_wconf 93' lang='lat' dir='ltr'>quod</span> <span class='ocrx_word' id='word_1_273' title='bbox 1916 3462 2057 3520; x_wconf 85' lang='lat' dir='ltr'>dixit</span> 
     </span>
     <span class='ocr_line' id='line_1_75' title="bbox 1545 3554 2184 3633; baseline 0.005 -20"><span class='ocrx_word' id='word_1_274' title='bbox 1545 3554 1881 3630; x_wconf 86' lang='lat' dir='ltr'>significans</span> <span class='ocrx_word' id='word_1_275' title='bbox 1909 3574 2028 3633; x_wconf 90' lang='lat' dir='ltr'>qua</span> <span class='ocrx_word' id='word_1_276' title='bbox 2055 3574 2184 3616; x_wconf 90' lang='lat' dir='ltr'>mor</span> 
     </span>
     <span class='ocr_line' id='line_1_76' title="bbox 1566 3650 2082 3709; baseline 0.008 -4"><span class='ocrx_word' id='word_1_277' title='bbox 1566 3666 1600 3705; x_wconf 92' lang='lat' dir='ltr'>e</span> <span class='ocrx_word' id='word_1_278' title='bbox 1630 3658 1749 3707; x_wconf 89' lang='lat' dir='ltr'>erat</span> <span class='ocrx_word' id='word_1_279' title='bbox 1771 3650 2082 3709; x_wconf 88' lang='lat' dir='ltr'>moriturus</span> 
     </span>
    </p>

    <p class='ocr_par' dir='ltr' id='par_1_23' title="bbox 1543 3741 2191 3915">
     <span class='ocr_line' id='line_1_77' title="bbox 1543 3741 2191 3803; baseline 0.005 -3"><span class='ocrx_word' id='word_1_280' title='bbox 1543 3741 1588 3774; x_wconf 80' lang='lat'>³⁸</span> <span class='ocrx_word' id='word_1_281' title='bbox 1605 3742 1871 3802; x_wconf 90' lang='lat' dir='ltr'>Introiuit</span> <span class='ocrx_word' id='word_1_282' title='bbox 1898 3743 2102 3803; x_wconf 91' lang='lat' dir='ltr'>iterum</span> <span class='ocrx_word' id='word_1_283' title='bbox 2129 3745 2191 3803; x_wconf 92' lang='lat' dir='ltr'>in</span> 
     </span>
     <span class='ocr_line' id='line_1_78' title="bbox 1543 3838 2107 3915; baseline 0.005 -21"><span class='ocrx_word' id='word_1_284' title='bbox 1543 3839 1831 3914; x_wconf 77' lang='lat' dir='ltr'>praetorio</span> <span class='ocrx_word' id='word_1_285' title='bbox 1860 3838 2069 3915; x_wconf 89' lang='lat' dir='ltr'>pilatus</span> <span class='ocrx_word' id='word_1_286' title='bbox 2094 3870 2107 3885; x_wconf 92' lang='lat'><strong>·</strong></span> 
     </span>
    </p>

    <p class='ocr_par' dir='ltr' id='par_1_24' title="bbox 1541 3932 2223 4290">
     <span class='ocr_line' id='line_1_79' title="bbox 1542 3932 2155 3991; baseline 0.002 -1"><span class='ocrx_word' id='word_1_287' title='bbox 1542 3941 1598 3990; x_wconf 90' lang='lat' dir='ltr'>et</span> <span class='ocrx_word' id='word_1_288' title='bbox 1627 3933 1864 3991; x_wconf 90' lang='lat' dir='ltr'>uocauit</span> <span class='ocrx_word' id='word_1_289' title='bbox 1892 3932 2015 3991; x_wconf 78' lang='lat' dir='ltr'>ihm</span> <span class='ocrx_word' id='word_1_290' title='bbox 2039 3964 2055 3980; x_wconf 90' lang='lat'><strong>·</strong></span> <span class='ocrx_word' id='word_1_291' title='bbox 2097 3942 2155 3991; x_wconf 90' lang='lat' dir='ltr'>et</span> 
     </span>
     <span class='ocr_line' id='line_1_80' title="bbox 1541 4024 2223 4086; baseline 0.003 -2"><span class='ocrx_word' id='word_1_292' title='bbox 1541 4024 1686 4084; x_wconf 84' lang='lat' dir='ltr'>dixit</span> <span class='ocrx_word' id='word_1_293' title='bbox 1708 4026 1786 4083; x_wconf 92' lang='lat' dir='ltr'>illi</span> <span class='ocrx_word' id='word_1_294' title='bbox 1848 4035 1912 4084; x_wconf 91' lang='lat' dir='ltr'>tu</span> <span class='ocrx_word' id='word_1_295' title='bbox 1939 4045 2003 4085; x_wconf 90' lang='lat' dir='ltr'>es</span> <span class='ocrx_word' id='word_1_296' title='bbox 2032 4045 2131 4085; x_wconf 90' lang='lat' dir='ltr'>rex</span> <span class='ocrx_word' id='word_1_297' title='bbox 2163 4028 2223 4086; x_wconf 91' lang='lat' dir='ltr'>iu</span> 
     </span>
     <span class='ocr_line' id='line_1_81' title="bbox 1541 4119 2173 4197; baseline 0.002 -20"><span class='ocrx_word' id='word_1_298' title='bbox 1541 4119 1817 4178; x_wconf 91' lang='lat' dir='ltr'>daeorum</span> <span class='ocrx_word' id='word_1_299' title='bbox 1842 4151 1856 4165; x_wconf 92' lang='lat'><strong>·</strong></span> <span class='ocrx_word' id='word_1_300' title='bbox 1900 4120 1945 4152; x_wconf 78' lang='lat'>³⁴</span> <span class='ocrx_word' id='word_1_301' title='bbox 1960 4138 2173 4197; x_wconf 89' lang='lat' dir='ltr'>respon</span> 
     </span>
     <span class='ocr_line' id='line_1_82' title="bbox 1542 4212 2137 4290; baseline 0.003 -18"><span class='ocrx_word' id='word_1_302' title='bbox 1542 4212 1624 4272; x_wconf 90' lang='lat' dir='ltr'>dit</span> <span class='ocrx_word' id='word_1_303' title='bbox 1651 4212 1740 4272; x_wconf 81' lang='lat' dir='ltr'>ihs</span> <span class='ocrx_word' id='word_1_304' title='bbox 1769 4232 1804 4273; x_wconf 92' lang='lat' dir='ltr'>a</span> <span class='ocrx_word' id='word_1_305' title='bbox 1834 4215 2137 4290; x_wconf 90' lang='lat' dir='ltr'>temetipso</span> 
     </span>
    </p>
   </div>
   <div class='ocr_carea' id='block_1_11' title="bbox 2340 505 3017 2353">
    <p class='ocr_par' dir='ltr' id='par_1_25' title="bbox 2340 505 3007 1224">
     <span class='ocr_line' id='line_1_83' title="bbox 2340 505 3007 566; baseline 0.003 -2"><span class='ocrx_word' id='word_1_306' title='bbox 2340 515 2403 564; x_wconf 92' lang='lat' dir='ltr'>tu</span> <span class='ocrx_word' id='word_1_307' title='bbox 2432 505 2546 565; x_wconf 90' lang='lat' dir='ltr'>hoc</span> <span class='ocrx_word' id='word_1_308' title='bbox 2578 505 2723 566; x_wconf 94' lang='lat' dir='ltr'>dicis</span> <span class='ocrx_word' id='word_1_309' title='bbox 2747 537 2761 553; x_wconf 90' lang='lat'><strong>·</strong></span> <span class='ocrx_word' id='word_1_310' title='bbox 2804 525 2882 565; x_wconf 89' lang='lat' dir='ltr'>an</span> <span class='ocrx_word' id='word_1_311' title='bbox 2911 506 3007 566; x_wconf 86' lang='lat' dir='ltr'>alii</span> 
     </span>
     <span class='ocr_line' id='line_1_84' title="bbox 2340 598 2972 661; baseline 0.005 -3"><span class='ocrx_word' id='word_1_312' title='bbox 2340 598 2442 659; x_wconf 91' lang='lat' dir='ltr'>tibi</span> <span class='ocrx_word' id='word_1_313' title='bbox 2471 600 2586 659; x_wconf 89' lang='lat' dir='ltr'>hoc</span> <span class='ocrx_word' id='word_1_314' title='bbox 2615 601 2686 658; x_wconf 94' lang='lat' dir='ltr'>de</span> <span class='ocrx_word' id='word_1_315' title='bbox 2714 620 2810 660; x_wconf 92' lang='lat' dir='ltr'>me</span> <span class='ocrx_word' id='word_1_316' title='bbox 2839 601 2972 661; x_wconf 85' lang='lat' dir='ltr'>dixe</span> 
     </span>
     <span class='ocr_line' id='line_1_85' title="bbox 2342 693 2960 771; baseline 0.002 -19"><span class='ocrx_word' id='word_1_317' title='bbox 2342 704 2476 752; x_wconf 90' lang='lat' dir='ltr'>runt</span> <span class='ocrx_word' id='word_1_318' title='bbox 2505 725 2520 740; x_wconf 91' lang='lat'><strong>·</strong></span> <span class='ocrx_word' id='word_1_319' title='bbox 2565 694 2610 727; x_wconf 79' lang='lat'>³⁶</span> <span class='ocrx_word' id='word_1_320' title='bbox 2631 693 2960 771; x_wconf 90' lang='lat' dir='ltr'>Respondit</span> 
     </span>
     <span class='ocr_line' id='line_1_86' title="bbox 2341 788 2864 866; baseline 0.004 -21"><span class='ocrx_word' id='word_1_321' title='bbox 2341 788 2550 864; x_wconf 88' lang='lat' dir='ltr'>pilatus</span> <span class='ocrx_word' id='word_1_322' title='bbox 2579 788 2864 866; x_wconf 90' lang='lat' dir='ltr'>numquid</span> 
     </span>
     <span class='ocr_line' id='line_1_87' title="bbox 2340 882 2917 958; baseline 0.002 -18"><span class='ocrx_word' id='word_1_323' title='bbox 2340 900 2455 958; x_wconf 89' lang='lat' dir='ltr'>ego</span> <span class='ocrx_word' id='word_1_324' title='bbox 2484 882 2721 941; x_wconf 88' lang='lat' dir='ltr'>iudaeus</span> <span class='ocrx_word' id='word_1_325' title='bbox 2751 901 2880 941; x_wconf 91' lang='lat' dir='ltr'>sum</span> <span class='ocrx_word' id='word_1_326' title='bbox 2903 913 2917 929; x_wconf 93' lang='lat'><strong>·</strong></span> 
     </span>
     <span class='ocr_line' id='line_1_88' title="bbox 2344 975 2946 1054; baseline 0.002 -19"><span class='ocrx_word' id='word_1_327' title='bbox 2344 975 2511 1035; x_wconf 91' lang='lat' dir='ltr'>Gens</span> <span class='ocrx_word' id='word_1_328' title='bbox 2540 986 2639 1035; x_wconf 89' lang='lat' dir='ltr'>tua</span> <span class='ocrx_word' id='word_1_329' title='bbox 2666 987 2725 1035; x_wconf 92' lang='lat' dir='ltr'>et</span> <span class='ocrx_word' id='word_1_330' title='bbox 2754 977 2946 1054; x_wconf 89' lang='lat' dir='ltr'>princi</span> 
     </span>
     <span class='ocr_line' id='line_1_89' title="bbox 2341 1071 2848 1146; baseline 0.002 -18"><span class='ocrx_word' id='word_1_331' title='bbox 2341 1087 2448 1146; x_wconf 90' lang='lat' dir='ltr'>pes</span> <span class='ocrx_word' id='word_1_332' title='bbox 2478 1071 2848 1130; x_wconf 91' lang='lat' dir='ltr'>sacerdotum</span> 
     </span>
     <span class='ocr_line' id='line_1_90' title="bbox 2341 1164 2887 1224; baseline 0.004 -2"><span class='ocrx_word' id='word_1_333' title='bbox 2341 1164 2696 1223; x_wconf 90' lang='lat' dir='ltr'>tradiderunt</span> <span class='ocrx_word' id='word_1_334' title='bbox 2723 1176 2777 1223; x_wconf 92' lang='lat' dir='ltr'>te</span> <span class='ocrx_word' id='word_1_335' title='bbox 2806 1166 2887 1224; x_wconf 91' lang='lat' dir='ltr'>mi</span> 
     </span>
    </p>

    <p class='ocr_par' dir='ltr' id='par_1_26' title="bbox 2342 1258 2857 1337">
     <span class='ocr_line' id='line_1_91' title="bbox 2342 1258 2857 1337; baseline -0.002 -20"><span class='ocrx_word' id='word_1_336' title='bbox 2342 1258 2402 1317; x_wconf 91' lang='lat' dir='ltr'>hi</span> <span class='ocrx_word' id='word_1_337' title='bbox 2465 1260 2606 1337; x_wconf 90' lang='lat' dir='ltr'>quid</span> <span class='ocrx_word' id='word_1_338' title='bbox 2636 1260 2818 1318; x_wconf 87' lang='lat' dir='ltr'>fecisti</span> <span class='ocrx_word' id='word_1_339' title='bbox 2842 1291 2857 1306; x_wconf 90' lang='lat'><strong>·</strong></span> 
     </span>
    </p>

    <p class='ocr_par' dir='ltr' id='par_1_27' title="bbox 2341 1350 2986 1507">
     <span class='ocr_line' id='line_1_92' title="bbox 2341 1350 2986 1431; baseline 0.005 -21"><span class='ocrx_word' id='word_1_340' title='bbox 2341 1350 2387 1386; x_wconf 82' lang='lat'>⁸⁶</span> <span class='ocrx_word' id='word_1_341' title='bbox 2406 1351 2737 1430; x_wconf 92' lang='lat' dir='ltr'>Respondit</span> <span class='ocrx_word' id='word_1_342' title='bbox 2766 1354 2854 1412; x_wconf 81' lang='lat' dir='ltr'>ihs</span> <span class='ocrx_word' id='word_1_343' title='bbox 2882 1372 2986 1431; x_wconf 87' lang='lat' dir='ltr'>reg</span> 
     </span>
     <span class='ocr_line' id='line_1_93' title="bbox 2344 1464 2865 1507; baseline 0.006 -3"><span class='ocrx_word' id='word_1_344' title='bbox 2344 1464 2486 1505; x_wconf 91' lang='lat' dir='ltr'>num</span> <span class='ocrx_word' id='word_1_345' title='bbox 2515 1465 2712 1506; x_wconf 89' lang='lat' dir='ltr'>meum</span> <span class='ocrx_word' id='word_1_346' title='bbox 2742 1467 2865 1507; x_wconf 90' lang='lat' dir='ltr'>non</span> 
     </span>
    </p>

    <p class='ocr_par' dir='ltr' id='par_1_28' title="bbox 2343 1541 3006 1901">
     <span class='ocr_line' id='line_1_94' title="bbox 2343 1541 2929 1601; baseline 0.003 -3"><span class='ocrx_word' id='word_1_347' title='bbox 2343 1550 2431 1599; x_wconf 92' lang='lat' dir='ltr'>est</span> <span class='ocrx_word' id='word_1_348' title='bbox 2460 1541 2533 1599; x_wconf 91' lang='lat' dir='ltr'>de</span> <span class='ocrx_word' id='word_1_349' title='bbox 2563 1541 2675 1601; x_wconf 93' lang='lat' dir='ltr'>hoc</span> <span class='ocrx_word' id='word_1_350' title='bbox 2706 1542 2929 1600; x_wconf 89' lang='lat' dir='ltr'>mundo</span> 
     </span>
     <span class='ocr_line' id='line_1_95' title="bbox 2349 1634 3006 1695; baseline 0.003 -2"><span class='ocrx_word' id='word_1_351' title='bbox 2349 1635 2408 1693; x_wconf 90' lang='lat' dir='ltr'>Si</span> <span class='ocrx_word' id='word_1_352' title='bbox 2439 1635 2511 1694; x_wconf 93' lang='lat' dir='ltr'>de</span> <span class='ocrx_word' id='word_1_353' title='bbox 2539 1634 2654 1695; x_wconf 91' lang='lat' dir='ltr'>hoc</span> <span class='ocrx_word' id='word_1_354' title='bbox 2684 1635 2910 1694; x_wconf 91' lang='lat' dir='ltr'>mundo</span> <span class='ocrx_word' id='word_1_355' title='bbox 2940 1653 3006 1695; x_wconf 89' lang='lat' dir='ltr'>es</span> 
     </span>
     <span class='ocr_line' id='line_1_96' title="bbox 2344 1736 2905 1806; baseline 0.004 -19"><span class='ocrx_word' id='word_1_356' title='bbox 2344 1740 2430 1787; x_wconf 91' lang='lat' dir='ltr'>set</span> <span class='ocrx_word' id='word_1_357' title='bbox 2456 1747 2705 1806; x_wconf 89' lang='lat' dir='ltr'>regnum</span> <span class='ocrx_word' id='word_1_358' title='bbox 2733 1736 2868 1789; x_wconf 70' lang='lat' dir='ltr'>met]</span> <span class='ocrx_word' id='word_1_359' title='bbox 2891 1762 2905 1777; x_wconf 94' lang='lat'><strong>·</strong></span> 
     </span>
     <span class='ocr_line' id='line_1_97' title="bbox 2344 1824 2851 1901; baseline 0.002 -20"><span class='ocrx_word' id='word_1_360' title='bbox 2344 1824 2590 1882; x_wconf 87' lang='lat' dir='ltr'>ministri</span> <span class='ocrx_word' id='word_1_361' title='bbox 2618 1824 2851 1901; x_wconf 90' lang='lat' dir='ltr'>utiquae</span> 
     </span>
    </p>

    <p class='ocr_par' dir='ltr' id='par_1_29' title="bbox 2346 1918 2759 1977">
     <span class='ocr_line' id='line_1_98' title="bbox 2346 1918 2759 1977; baseline 0.002 -2"><span class='ocrx_word' id='word_1_362' title='bbox 2346 1918 2462 1975; x_wconf 90' lang='lat' dir='ltr'>mei</span> <span class='ocrx_word' id='word_1_363' title='bbox 2492 1918 2759 1977; x_wconf 90' lang='lat' dir='ltr'>resistent</span> 
     </span>
    </p>

    <p class='ocr_par' dir='ltr' id='par_1_30' title="bbox 2346 2012 2898 2071">
     <span class='ocr_line' id='line_1_99' title="bbox 2346 2012 2898 2071; baseline 0.004 -2"><span class='ocrx_word' id='word_1_364' title='bbox 2346 2030 2419 2070; x_wconf 93' lang='lat' dir='ltr'>ne</span> <span class='ocrx_word' id='word_1_365' title='bbox 2448 2012 2700 2071; x_wconf 88' lang='lat' dir='ltr'>traderer</span> <span class='ocrx_word' id='word_1_366' title='bbox 2726 2012 2898 2071; x_wconf 86' lang='lat' dir='ltr'>iudae</span> 
     </span>
    </p>

    <p class='ocr_par' dir='ltr' id='par_1_31' title="bbox 2346 2106 3017 2353">
     <span class='ocr_line' id='line_1_100' title="bbox 2347 2106 2883 2165; baseline -0.002 -1"><span class='ocrx_word' id='word_1_367' title='bbox 2347 2106 2397 2164; x_wconf 92' lang='lat' dir='ltr'>is</span> <span class='ocrx_word' id='word_1_368' title='bbox 2417 2138 2432 2152; x_wconf 90' lang='lat'><strong>·</strong></span> <span class='ocrx_word' id='word_1_369' title='bbox 2477 2125 2632 2165; x_wconf 91' lang='lat' dir='ltr'>nunc</span> <span class='ocrx_word' id='word_1_370' title='bbox 2663 2116 2883 2165; x_wconf 90' lang='lat' dir='ltr'>autem·</span> 
     </span>
     <span class='ocr_line' id='line_1_101' title="bbox 2346 2206 2907 2276; baseline -0.004 -18"><span class='ocrx_word' id='word_1_371' title='bbox 2346 2218 2592 2276; x_wconf 88' lang='lat' dir='ltr'>regnum</span> <span class='ocrx_word' id='word_1_372' title='bbox 2621 2206 2757 2259; x_wconf 70' lang='lat' dir='ltr'>meu</span> <span class='ocrx_word' id='word_1_373' title='bbox 2785 2218 2907 2258; x_wconf 92' lang='lat' dir='ltr'>non</span> 
     </span>
     <span class='ocr_line' id='line_1_102' title="bbox 2349 2293 3017 2353; baseline -0.003 0"><span class='ocrx_word' id='word_1_374' title='bbox 2349 2304 2438 2353; x_wconf 91' lang='lat' dir='ltr'>est</span> <span class='ocrx_word' id='word_1_375' title='bbox 2464 2295 2600 2353; x_wconf 89' lang='lat' dir='ltr'>hinc</span> <span class='ocrx_word' id='word_1_376' title='bbox 2624 2326 2639 2341; x_wconf 91' lang='lat'><strong>·</strong></span> <span class='ocrx_word' id='word_1_377' title='bbox 2684 2294 2727 2327; x_wconf 82' lang='lat'>⁸⁷</span> <span class='ocrx_word' id='word_1_378' title='bbox 2745 2294 2908 2352; x_wconf 77' lang='lat' dir='ltr'>Dixit</span> <span class='ocrx_word' id='word_1_379' title='bbox 2937 2293 3017 2351; x_wconf 90' lang='lat' dir='ltr'>ita</span> 
     </span>
    </p>
   </div>
   <div class='ocr_carea' id='block_1_12' title="bbox 2348 2425 3052 4290">
    <p class='ocr_par' dir='ltr' id='par_1_32' title="bbox 2348 2425 3052 4290">
     <span class='ocr_line' id='line_1_103' title="bbox 2349 2425 2990 2504; baseline 0.005 -20"><span class='ocrx_word' id='word_1_380' title='bbox 2349 2444 2500 2504; x_wconf 89' lang='lat' dir='ltr'>quae</span> <span class='ocrx_word' id='word_1_381' title='bbox 2529 2425 2607 2484; x_wconf 90' lang='lat' dir='ltr'>illi</span> <span class='ocrx_word' id='word_1_382' title='bbox 2637 2425 2846 2503; x_wconf 89' lang='lat' dir='ltr'>pilatus</span> <span class='ocrx_word' id='word_1_383' title='bbox 2870 2456 2883 2471; x_wconf 94' lang='lat'><strong>·</strong></span> <span class='ocrx_word' id='word_1_384' title='bbox 2927 2446 2990 2487; x_wconf 90' lang='lat' dir='ltr'>er</span> 
     </span>
     <span class='ocr_line' id='line_1_104' title="bbox 2350 2531 3048 2599; baseline 0.003 -19"><span class='ocrx_word' id='word_1_385' title='bbox 2350 2540 2430 2597; x_wconf 90' lang='lat' dir='ltr'>go</span> <span class='ocrx_word' id='word_1_386' title='bbox 2460 2531 2523 2579; x_wconf 92' lang='lat' dir='ltr'>tu</span> <span class='ocrx_word' id='word_1_387' title='bbox 2551 2539 2652 2579; x_wconf 86' lang='lat' dir='ltr'>rex</span> <span class='ocrx_word' id='word_1_388' title='bbox 2680 2540 2745 2580; x_wconf 94' lang='lat' dir='ltr'>es</span> <span class='ocrx_word' id='word_1_389' title='bbox 2768 2552 2782 2567; x_wconf 92' lang='lat'><strong>·</strong></span> <span class='ocrx_word' id='word_1_390' title='bbox 2833 2540 3048 2599; x_wconf 90' lang='lat' dir='ltr'>respon</span> 
     </span>
     <span class='ocr_line' id='line_1_105' title="bbox 2352 2615 3032 2694; baseline 0.001 -19"><span class='ocrx_word' id='word_1_391' title='bbox 2352 2616 2434 2675; x_wconf 91' lang='lat' dir='ltr'>dit</span> <span class='ocrx_word' id='word_1_392' title='bbox 2462 2615 2550 2673; x_wconf 83' lang='lat' dir='ltr'>ihs</span> <span class='ocrx_word' id='word_1_393' title='bbox 2579 2625 2641 2674; x_wconf 91' lang='lat' dir='ltr'>tu</span> <span class='ocrx_word' id='word_1_394' title='bbox 2671 2616 2815 2674; x_wconf 88' lang='lat' dir='ltr'>dicis</span> <span class='ocrx_word' id='word_1_395' title='bbox 2869 2617 3032 2694; x_wconf 91' lang='lat' dir='ltr'>quod</span> 
     </span>
     <span class='ocr_line' id='line_1_106' title="bbox 2350 2710 3049 2789; baseline 0.004 -22"><span class='ocrx_word' id='word_1_396' title='bbox 2350 2728 2453 2769; x_wconf 83' lang='lat' dir='ltr'>rex</span> <span class='ocrx_word' id='word_1_397' title='bbox 2478 2728 2607 2769; x_wconf 90' lang='lat' dir='ltr'>sum</span> <span class='ocrx_word' id='word_1_398' title='bbox 2639 2728 2752 2786; x_wconf 88' lang='lat' dir='ltr'>ego</span> <span class='ocrx_word' id='word_1_399' title='bbox 2777 2741 2791 2756; x_wconf 90' lang='lat'><strong>·</strong></span> <span class='ocrx_word' id='word_1_400' title='bbox 2835 2710 2968 2789; x_wconf 87' lang='lat' dir='ltr'>Ego</span> <span class='ocrx_word' id='word_1_401' title='bbox 2987 2713 3049 2771; x_wconf 92' lang='lat' dir='ltr'>in</span> 
     </span>
     <span class='ocr_line' id='line_1_107' title="bbox 2353 2804 3016 2864; baseline 0.003 -2"><span class='ocrx_word' id='word_1_402' title='bbox 2353 2804 2466 2863; x_wconf 92' lang='lat' dir='ltr'>hoc</span> <span class='ocrx_word' id='word_1_403' title='bbox 2495 2813 2666 2862; x_wconf 90' lang='lat' dir='ltr'>natus</span> <span class='ocrx_word' id='word_1_404' title='bbox 2696 2822 2826 2862; x_wconf 89' lang='lat' dir='ltr'>sum</span> <span class='ocrx_word' id='word_1_405' title='bbox 2855 2816 2912 2864; x_wconf 91' lang='lat' dir='ltr'>et</span> <span class='ocrx_word' id='word_1_406' title='bbox 2940 2805 3016 2864; x_wconf 90' lang='lat' dir='ltr'>ad</span> 
     </span>
     <span class='ocr_line' id='line_1_108' title="bbox 2352 2896 3004 2958; baseline 0.005 -3"><span class='ocrx_word' id='word_1_407' title='bbox 2352 2896 2467 2956; x_wconf 91' lang='lat' dir='ltr'>hoc</span> <span class='ocrx_word' id='word_1_408' title='bbox 2495 2897 2632 2955; x_wconf 88' lang='lat' dir='ltr'>ueni</span> <span class='ocrx_word' id='word_1_409' title='bbox 2658 2898 2716 2955; x_wconf 92' lang='lat' dir='ltr'>in</span> <span class='ocrx_word' id='word_1_410' title='bbox 2746 2899 2969 2958; x_wconf 89' lang='lat' dir='ltr'>mundo</span> <span class='ocrx_word' id='word_1_411' title='bbox 2990 2931 3004 2948; x_wconf 89' lang='lat'><strong>·</strong></span> 
     </span>
     <span class='ocr_line' id='line_1_109' title="bbox 2351 2991 2913 3051; baseline 0.004 -2"><span class='ocrx_word' id='word_1_412' title='bbox 2351 2991 2782 3050; x_wconf 89' lang='lat' dir='ltr'>utestimonium</span> <span class='ocrx_word' id='word_1_413' title='bbox 2809 2993 2913 3051; x_wconf 92' lang='lat' dir='ltr'>red</span> 
     </span>
     <span class='ocr_line' id='line_1_110' title="bbox 2354 3084 2981 3146; baseline 0.005 -3"><span class='ocrx_word' id='word_1_414' title='bbox 2354 3084 2491 3143; x_wconf 87' lang='lat' dir='ltr'>dam</span> <span class='ocrx_word' id='word_1_415' title='bbox 2520 3085 2744 3143; x_wconf 90' lang='lat' dir='ltr'>ueritati</span> <span class='ocrx_word' id='word_1_416' title='bbox 2763 3116 2777 3130; x_wconf 92' lang='lat'><strong>·</strong></span> <span class='ocrx_word' id='word_1_417' title='bbox 2799 3116 2813 3131; x_wconf 93' lang='lat'><strong>·</strong></span> <span class='ocrx_word' id='word_1_418' title='bbox 2860 3085 2981 3146; x_wconf 89' lang='lat' dir='ltr'>Om</span> 
     </span>
     <span class='ocr_line' id='line_1_111' title="bbox 2353 3178 2999 3256; baseline 0.005 -20"><span class='ocrx_word' id='word_1_419' title='bbox 2353 3178 2443 3236; x_wconf 89' lang='lat' dir='ltr'>nis</span> <span class='ocrx_word' id='word_1_420' title='bbox 2472 3179 2570 3256; x_wconf 90' lang='lat' dir='ltr'>qui</span> <span class='ocrx_word' id='word_1_421' title='bbox 2597 3188 2685 3237; x_wconf 92' lang='lat' dir='ltr'>est</span> <span class='ocrx_word' id='word_1_422' title='bbox 2714 3179 2786 3237; x_wconf 91' lang='lat' dir='ltr'>de</span> <span class='ocrx_word' id='word_1_423' title='bbox 2815 3182 2999 3239; x_wconf 90' lang='lat' dir='ltr'>uerita</span> 
     </span>
     <span class='ocr_line' id='line_1_112' title="bbox 2353 3271 3048 3332; baseline 0.003 -2"><span class='ocrx_word' id='word_1_424' title='bbox 2353 3281 2409 3330; x_wconf 92' lang='lat' dir='ltr'>te</span> <span class='ocrx_word' id='word_1_425' title='bbox 2427 3271 2584 3330; x_wconf 89' lang='lat' dir='ltr'>audit</span> <span class='ocrx_word' id='word_1_426' title='bbox 2602 3291 2809 3331; x_wconf 90' lang='lat' dir='ltr'>uocem</span> <span class='ocrx_word' id='word_1_427' title='bbox 2829 3286 3048 3332; x_wconf 70' lang='lat' dir='ltr'>mea-u</span> 
     </span>
     <span class='ocr_line' id='line_1_113' title="bbox 2353 3366 3050 3445; baseline 0.006 -23"><span class='ocrx_word' id='word_1_428' title='bbox 2353 3366 2564 3423; x_wconf 79' lang='lat' dir='ltr'>³⁸Dicit</span> <span class='ocrx_word' id='word_1_429' title='bbox 2580 3366 2656 3424; x_wconf 94' lang='lat' dir='ltr'>illi</span> <span class='ocrx_word' id='word_1_430' title='bbox 2680 3368 2889 3443; x_wconf 88' lang='lat' dir='ltr'>pilatus</span> <span class='ocrx_word' id='word_1_431' title='bbox 2909 3368 3050 3445; x_wconf 89' lang='lat' dir='ltr'>quid</span> 
     </span>
     <span class='ocr_line' id='line_1_114' title="bbox 2354 3460 3007 3520; baseline 0.002 -1"><span class='ocrx_word' id='word_1_432' title='bbox 2354 3470 2442 3519; x_wconf 92' lang='lat' dir='ltr'>est</span> <span class='ocrx_word' id='word_1_433' title='bbox 2469 3461 2681 3520; x_wconf 89' lang='lat' dir='ltr'>ueritas</span> <span class='ocrx_word' id='word_1_434' title='bbox 2706 3492 2720 3506; x_wconf 93' lang='lat'><strong>·</strong></span> <span class='ocrx_word' id='word_1_435' title='bbox 2763 3460 2841 3520; x_wconf 87' lang='lat' dir='ltr'>Et</span> <span class='ocrx_word' id='word_1_436' title='bbox 2870 3481 3007 3520; x_wconf 90' lang='lat' dir='ltr'>cum</span> 
     </span>
     <span class='ocr_line' id='line_1_115' title="bbox 2353 3554 3023 3615; baseline 0.003 -2"><span class='ocrx_word' id='word_1_437' title='bbox 2353 3554 2469 3613; x_wconf 91' lang='lat' dir='ltr'>hoc</span> <span class='ocrx_word' id='word_1_438' title='bbox 2499 3555 2737 3614; x_wconf 84' lang='lat' dir='ltr'>dixisset</span> <span class='ocrx_word' id='word_1_439' title='bbox 2821 3557 2970 3615; x_wconf 79' lang='lat' dir='ltr'>iterii</span> <span class='ocrx_word' id='word_1_440' title='bbox 2996 3561 3023 3589; x_wconf 68' lang='lat'>⁸</span> 
     </span>
     <span class='ocr_line' id='line_1_116' title="bbox 2353 3649 3051 3710; baseline 0.003 -4"><span class='ocrx_word' id='word_1_441' title='bbox 2353 3649 2530 3707; x_wconf 82' lang='lat' dir='ltr'>exiuit</span> <span class='ocrx_word' id='word_1_442' title='bbox 2545 3649 2618 3707; x_wconf 92' lang='lat' dir='ltr'>ad</span> <span class='ocrx_word' id='word_1_443' title='bbox 2630 3649 2896 3709; x_wconf 90' lang='lat' dir='ltr'>iudaeos·</span> <span class='ocrx_word' id='word_1_444' title='bbox 2927 3650 3051 3710; x_wconf 93' lang='lat' dir='ltr'>etdi</span> 
     </span>
     <span class='ocr_line' id='line_1_117' title="bbox 2354 3743 2990 3819; baseline -0.002 -17"><span class='ocrx_word' id='word_1_445' title='bbox 2354 3743 2433 3802; x_wconf 89' lang='lat' dir='ltr'>cit</span> <span class='ocrx_word' id='word_1_446' title='bbox 2462 3743 2566 3802; x_wconf 89' lang='lat' dir='ltr'>illis</span> <span class='ocrx_word' id='word_1_447' title='bbox 2629 3761 2743 3819; x_wconf 91' lang='lat' dir='ltr'>ego</span> <span class='ocrx_word' id='word_1_448' title='bbox 2772 3743 2990 3802; x_wconf 91' lang='lat' dir='ltr'>nullam</span> 
     </span>
     <span class='ocr_line' id='line_1_118' title="bbox 2352 3837 3010 3896; baseline -0.002 0"><span class='ocrx_word' id='word_1_449' title='bbox 2352 3854 2589 3896; x_wconf 89' lang='lat' dir='ltr'>causam</span> <span class='ocrx_word' id='word_1_450' title='bbox 2619 3837 2855 3896; x_wconf 89' lang='lat' dir='ltr'>inuenio</span> <span class='ocrx_word' id='word_1_451' title='bbox 2881 3838 2942 3895; x_wconf 89' lang='lat' dir='ltr'>in</span> <span class='ocrx_word' id='word_1_452' title='bbox 2970 3837 3010 3896; x_wconf 92' lang='lat' dir='ltr'>il</span> 
     </span>
     <span class='ocr_line' id='line_1_119' title="bbox 2351 3929 3052 3991; baseline 0.003 -4"><span class='ocrx_word' id='word_1_453' title='bbox 2351 3929 2472 3987; x_wconf 90' lang='lat' dir='ltr'>lum</span> <span class='ocrx_word' id='word_1_454' title='bbox 2497 3961 2511 3975; x_wconf 93' lang='lat'><strong>·</strong></span> <span class='ocrx_word' id='word_1_455' title='bbox 2546 3929 2592 3963; x_wconf 80' lang='lat'>⁸⁹</span> <span class='ocrx_word' id='word_1_456' title='bbox 2610 3940 2698 3989; x_wconf 91' lang='lat' dir='ltr'>est</span> <span class='ocrx_word' id='word_1_457' title='bbox 2720 3940 2913 3989; x_wconf 90' lang='lat' dir='ltr'>autem</span> <span class='ocrx_word' id='word_1_458' title='bbox 2935 3949 3052 3991; x_wconf 93' lang='lat' dir='ltr'>con</span> 
     </span>
     <span class='ocr_line' id='line_1_120' title="bbox 2350 4024 2995 4084; baseline 0.005 -3"><span class='ocrx_word' id='word_1_459' title='bbox 2350 4024 2598 4082; x_wconf 90' lang='lat' dir='ltr'>suetudo</span> <span class='ocrx_word' id='word_1_460' title='bbox 2625 4025 2796 4083; x_wconf 90' lang='lat' dir='ltr'>uobis</span> <span class='ocrx_word' id='word_1_461' title='bbox 2865 4035 2929 4084; x_wconf 90' lang='lat' dir='ltr'>ut</span> <span class='ocrx_word' id='word_1_462' title='bbox 2956 4043 2995 4084; x_wconf 92' lang='lat' dir='ltr'>u</span> 
     </span>
     <span class='ocr_line' id='line_1_121' title="bbox 2349 4117 3007 4179; baseline 0.005 -4"><span class='ocrx_word' id='word_1_463' title='bbox 2349 4135 2492 4176; x_wconf 90' lang='lat' dir='ltr'>num</span> <span class='ocrx_word' id='word_1_464' title='bbox 2522 4117 2808 4176; x_wconf 88' lang='lat' dir='ltr'>dimittam</span> <span class='ocrx_word' id='word_1_465' title='bbox 2836 4118 3007 4179; x_wconf 84' lang='lat' dir='ltr'>uobis</span> 
     </span>
     <span class='ocr_line' id='line_1_122' title="bbox 2348 4213 3049 4290; baseline 0 -18"><span class='ocrx_word' id='word_1_466' title='bbox 2348 4213 2704 4290; x_wconf 88' lang='lat' dir='ltr'>perpascba·</span> <span class='ocrx_word' id='word_1_467' title='bbox 2728 4213 2897 4272; x_wconf 88' lang='lat' dir='ltr'>uultis</span> <span class='ocrx_word' id='word_1_468' title='bbox 2906 4230 3049 4289; x_wconf 89' lang='lat' dir='ltr'>ergo</span> 
     </span>
    </p>
   </div>
   <div class='ocr_carea' id='block_1_13' title="bbox 3219 340 3804 406">
    <p class='ocr_par' dir='ltr' id='par_1_33' title="bbox 3219 340 3804 406">
     <span class='ocr_line' id='line_1_123' title="bbox 3219 340 3804 406; baseline 0.009 -14"><span class='ocrx_word' id='word_1_469' title='bbox 3219 340 3436 406; x_wconf 83' lang='lat' dir='ltr'>[xvm.</span> <span class='ocrx_word' id='word_1_470' title='bbox 3470 345 3719 394; x_wconf 76' lang='lat' dir='ltr'>zo-XIX.</span> <span class='ocrx_word' id='word_1_471' title='bbox 3751 341 3804 398; x_wconf 87' lang='lat'>6.</span> 
     </span>
    </p>
   </div>
   <div class='ocr_carea' id='block_1_14' title="bbox 3092 507 3802 2364">
    <p class='ocr_par' dir='ltr' id='par_1_34' title="bbox 3092 507 3679 677">
     <span class='ocr_line' id='line_1_124' title="bbox 3095 507 3679 568; baseline 0.002 -1"><span class='ocrx_word' id='word_1_472' title='bbox 3095 507 3383 567; x_wconf 89' lang='lat' dir='ltr'>dimittam</span> <span class='ocrx_word' id='word_1_473' title='bbox 3413 508 3586 568; x_wconf 90' lang='lat' dir='ltr'>uobis</span> <span class='ocrx_word' id='word_1_474' title='bbox 3616 527 3679 568; x_wconf 91' lang='lat' dir='ltr'>re</span> 
     </span>
     <span class='ocr_line' id='line_1_125' title="bbox 3092 602 3638 677; baseline 0.004 -18"><span class='ocrx_word' id='word_1_475' title='bbox 3092 619 3228 677; x_wconf 90' lang='lat' dir='ltr'>gem</span> <span class='ocrx_word' id='word_1_476' title='bbox 3256 602 3598 660; x_wconf 90' lang='lat' dir='ltr'>iudaeorum</span> <span class='ocrx_word' id='word_1_477' title='bbox 3623 633 3638 648; x_wconf 92' lang='lat'><strong>·</strong></span> 
     </span>
    </p>

    <p class='ocr_par' dir='ltr' id='par_1_35' title="bbox 3092 693 3744 1129">
     <span class='ocr_line' id='line_1_126' title="bbox 3092 693 3744 755; baseline 0.002 -3"><span class='ocrx_word' id='word_1_478' title='bbox 3092 693 3138 727; x_wconf 76' lang='lat'>⁴⁰</span> <span class='ocrx_word' id='word_1_479' title='bbox 3153 694 3650 754; x_wconf 86' lang='lat' dir='ltr'>Exclamauerunt</span> <span class='ocrx_word' id='word_1_480' title='bbox 3678 714 3744 755; x_wconf 90' lang='lat' dir='ltr'>er</span> 
     </span>
     <span class='ocr_line' id='line_1_127' title="bbox 3093 789 3742 864; baseline 0.005 -18"><span class='ocrx_word' id='word_1_481' title='bbox 3093 806 3172 864; x_wconf 90' lang='lat' dir='ltr'>go</span> <span class='ocrx_word' id='word_1_482' title='bbox 3201 805 3409 846; x_wconf 88' lang='lat' dir='ltr'>omnes</span> <span class='ocrx_word' id='word_1_483' title='bbox 3438 789 3702 848; x_wconf 92' lang='lat' dir='ltr'>dicentes</span> <span class='ocrx_word' id='word_1_484' title='bbox 3725 833 3742 850; x_wconf 93' lang='lat'><strong>.</strong></span> 
     </span>
     <span class='ocr_line' id='line_1_128' title="bbox 3093 881 3675 942; baseline 0.005 -3"><span class='ocrx_word' id='word_1_485' title='bbox 3093 900 3216 941; x_wconf 92' lang='lat' dir='ltr'>non</span> <span class='ocrx_word' id='word_1_486' title='bbox 3250 881 3405 940; x_wconf 91' lang='lat' dir='ltr'>hunc</span> <span class='ocrx_word' id='word_1_487' title='bbox 3435 883 3536 941; x_wconf 91' lang='lat' dir='ltr'>sed</span> <span class='ocrx_word' id='word_1_488' title='bbox 3566 884 3675 942; x_wconf 90' lang='lat' dir='ltr'>bar</span> 
     </span>
     <span class='ocr_line' id='line_1_129' title="bbox 3093 974 3681 1036; baseline 0.007 -4"><span class='ocrx_word' id='word_1_489' title='bbox 3093 975 3289 1033; x_wconf 88' lang='lat' dir='ltr'>abban</span> <span class='ocrx_word' id='word_1_490' title='bbox 3313 1006 3328 1021; x_wconf 91' lang='lat'><strong>·</strong></span> <span class='ocrx_word' id='word_1_491' title='bbox 3372 974 3516 1034; x_wconf 90' lang='lat' dir='ltr'>Erat</span> <span class='ocrx_word' id='word_1_492' title='bbox 3545 982 3681 1036; x_wconf 68' lang='lat' dir='ltr'>aute</span> 
     </span>
     <span class='ocr_line' id='line_1_130' title="bbox 3093 1068 3606 1129; baseline 0.006 -2"><span class='ocrx_word' id='word_1_493' title='bbox 3093 1068 3386 1127; x_wconf 89' lang='lat' dir='ltr'>barabbas</span> <span class='ocrx_word' id='word_1_494' title='bbox 3413 1068 3566 1129; x_wconf 89' lang='lat' dir='ltr'>latro</span> <span class='ocrx_word' id='word_1_495' title='bbox 3591 1101 3606 1116; x_wconf 92' lang='lat'><strong>·</strong></span> 
     </span>
    </p>

    <p class='ocr_par' dir='ltr' id='par_1_36' title="bbox 3092 1161 3802 1505">
     <span class='ocr_line' id='line_1_131' title="bbox 3092 1161 3802 1242; baseline 0.006 -23"><span class='ocrx_word' id='word_1_496' title='bbox 3092 1165 3192 1220; x_wconf 82' lang='lat'>19.</span> <span class='ocrx_word' id='word_1_497' title='bbox 3204 1161 3406 1221; x_wconf 90' lang='lat' dir='ltr'>¹Tunc</span> <span class='ocrx_word' id='word_1_498' title='bbox 3423 1182 3566 1240; x_wconf 90' lang='lat' dir='ltr'>ergo</span> <span class='ocrx_word' id='word_1_499' title='bbox 3575 1164 3802 1242; x_wconf 90' lang='lat' dir='ltr'>accepit</span> 
     </span>
     <span class='ocr_line' id='line_1_132' title="bbox 3092 1256 3702 1332; baseline 0.007 -20"><span class='ocrx_word' id='word_1_500' title='bbox 3092 1256 3303 1332; x_wconf 90' lang='lat' dir='ltr'>pilatus</span> <span class='ocrx_word' id='word_1_501' title='bbox 3332 1256 3454 1314; x_wconf 79' lang='lat' dir='ltr'>ihm</span> <span class='ocrx_word' id='word_1_502' title='bbox 3477 1288 3493 1302; x_wconf 93' lang='lat'><strong>·</strong></span> <span class='ocrx_word' id='word_1_503' title='bbox 3537 1265 3596 1317; x_wconf 92' lang='lat' dir='ltr'>et</span> <span class='ocrx_word' id='word_1_504' title='bbox 3623 1257 3702 1316; x_wconf 90' lang='lat' dir='ltr'>fla</span> 
     </span>
     <span class='ocr_line' id='line_1_133' title="bbox 3094 1348 3742 1425; baseline 0.008 -18"><span class='ocrx_word' id='word_1_505' title='bbox 3094 1348 3331 1425; x_wconf 86' lang='lat' dir='ltr'>gellauit</span> <span class='ocrx_word' id='word_1_506' title='bbox 3352 1381 3367 1396; x_wconf 90' lang='lat'><strong>·</strong></span> <span class='ocrx_word' id='word_1_507' title='bbox 3409 1350 3508 1409; x_wconf 76' lang='lat' dir='ltr'>’et</span> <span class='ocrx_word' id='word_1_508' title='bbox 3535 1352 3742 1412; x_wconf 71' lang='lat' dir='ltr'>milites</span> 
     </span>
     <span class='ocr_line' id='line_1_134' title="bbox 3095 1452 3653 1505; baseline 0.005 -4"><span class='ocrx_word' id='word_1_509' title='bbox 3095 1453 3404 1502; x_wconf 81' lang='lat' dir='ltr'>texuerunt</span> <span class='ocrx_word' id='word_1_510' title='bbox 3433 1452 3653 1505; x_wconf 72' lang='lat' dir='ltr'>corona</span> 
     </span>
    </p>

    <p class='ocr_par' dir='ltr' id='par_1_37' title="bbox 3096 1536 3771 2364">
     <span class='ocr_line' id='line_1_135' title="bbox 3096 1536 3740 1615; baseline 0.008 -20"><span class='ocrx_word' id='word_1_511' title='bbox 3096 1536 3169 1596; x_wconf 92' lang='lat' dir='ltr'>de</span> <span class='ocrx_word' id='word_1_512' title='bbox 3199 1537 3380 1613; x_wconf 87' lang='lat' dir='ltr'>spinis</span> <span class='ocrx_word' id='word_1_513' title='bbox 3436 1548 3496 1598; x_wconf 91' lang='lat' dir='ltr'>et</span> <span class='ocrx_word' id='word_1_514' title='bbox 3522 1539 3740 1615; x_wconf 90' lang='lat' dir='ltr'>inposu</span> 
     </span>
     <span class='ocr_line' id='line_1_136' title="bbox 3096 1631 3771 1708; baseline 0.007 -20"><span class='ocrx_word' id='word_1_515' title='bbox 3096 1640 3266 1688; x_wconf 87' lang='lat' dir='ltr'>erunt</span> <span class='ocrx_word' id='word_1_516' title='bbox 3294 1631 3355 1688; x_wconf 93' lang='lat' dir='ltr'>in</span> <span class='ocrx_word' id='word_1_517' title='bbox 3384 1632 3578 1708; x_wconf 86' lang='lat' dir='ltr'>capud</span> <span class='ocrx_word' id='word_1_518' title='bbox 3608 1634 3735 1692; x_wconf 91' lang='lat' dir='ltr'>eius</span> <span class='ocrx_word' id='word_1_519' title='bbox 3755 1663 3771 1680; x_wconf 93' lang='lat'><strong>·</strong></span> 
     </span>
     <span class='ocr_line' id='line_1_137' title="bbox 3096 1725 3733 1804; baseline 0.005 -21"><span class='ocrx_word' id='word_1_520' title='bbox 3096 1732 3153 1783; x_wconf 93' lang='lat' dir='ltr'>et</span> <span class='ocrx_word' id='word_1_521' title='bbox 3179 1725 3593 1784; x_wconf 88' lang='lat' dir='ltr'>uestimentum</span> <span class='ocrx_word' id='word_1_522' title='bbox 3623 1745 3733 1804; x_wconf 90' lang='lat' dir='ltr'>pur</span> 
     </span>
     <span class='ocr_line' id='line_1_138' title="bbox 3097 1819 3673 1894; baseline 0.007 -19"><span class='ocrx_word' id='word_1_523' title='bbox 3097 1836 3344 1894; x_wconf 90' lang='lat' dir='ltr'>pureum</span> <span class='ocrx_word' id='word_1_524' title='bbox 3374 1819 3673 1879; x_wconf 90' lang='lat' dir='ltr'>circumde</span> 
     </span>
     <span class='ocr_line' id='line_1_139' title="bbox 3097 1911 3759 1974; baseline 0.006 -4"><span class='ocrx_word' id='word_1_525' title='bbox 3097 1911 3307 1971; x_wconf 91' lang='lat' dir='ltr'>derunt</span> <span class='ocrx_word' id='word_1_526' title='bbox 3334 1931 3471 1971; x_wconf 90' lang='lat' dir='ltr'>eum</span> <span class='ocrx_word' id='word_1_527' title='bbox 3495 1945 3510 1960; x_wconf 90' lang='lat'><strong>·</strong></span> <span class='ocrx_word' id='word_1_528' title='bbox 3555 1912 3577 1946; x_wconf 81' lang='lat'><strong>⁸</strong></span> <span class='ocrx_word' id='word_1_529' title='bbox 3595 1914 3671 1974; x_wconf 90' lang='lat' dir='ltr'>Et</span> <span class='ocrx_word' id='word_1_530' title='bbox 3700 1915 3759 1974; x_wconf 89' lang='lat' dir='ltr'>di</span> 
     </span>
     <span class='ocr_line' id='line_1_140' title="bbox 3098 2006 3749 2068; baseline 0.008 -5"><span class='ocrx_word' id='word_1_531' title='bbox 3098 2007 3309 2064; x_wconf 89' lang='lat' dir='ltr'>cebant</span> <span class='ocrx_word' id='word_1_532' title='bbox 3375 2006 3527 2066; x_wconf 90' lang='lat' dir='ltr'>haue</span> <span class='ocrx_word' id='word_1_533' title='bbox 3556 2027 3658 2068; x_wconf 84' lang='lat' dir='ltr'>rex</span> <span class='ocrx_word' id='word_1_534' title='bbox 3687 2011 3749 2067; x_wconf 90' lang='lat' dir='ltr'>iu</span> 
     </span>
     <span class='ocr_line' id='line_1_141' title="bbox 3097 2098 3767 2162; baseline 0.007 -5"><span class='ocrx_word' id='word_1_535' title='bbox 3097 2098 3379 2160; x_wconf 79' lang='lat' dir='ltr'>dacorum</span> <span class='ocrx_word' id='word_1_536' title='bbox 3401 2132 3414 2146; x_wconf 94' lang='lat'><strong>·</strong></span> <span class='ocrx_word' id='word_1_537' title='bbox 3460 2112 3517 2160; x_wconf 92' lang='lat' dir='ltr'>et</span> <span class='ocrx_word' id='word_1_538' title='bbox 3546 2102 3767 2162; x_wconf 87' lang='lat' dir='ltr'>dabant</span> 
     </span>
     <span class='ocr_line' id='line_1_142' title="bbox 3096 2193 3751 2269; baseline 0.008 -19"><span class='ocrx_word' id='word_1_539' title='bbox 3096 2193 3174 2251; x_wconf 92' lang='lat' dir='ltr'>illi</span> <span class='ocrx_word' id='word_1_540' title='bbox 3204 2194 3430 2269; x_wconf 92' lang='lat' dir='ltr'>palmas</span> <span class='ocrx_word' id='word_1_541' title='bbox 3454 2226 3469 2241; x_wconf 90' lang='lat'><strong>·</strong></span> <span class='ocrx_word' id='word_1_542' title='bbox 3513 2196 3535 2227; x_wconf 88' lang='lat'><strong>⁴</strong></span> <span class='ocrx_word' id='word_1_543' title='bbox 3553 2195 3751 2255; x_wconf 80' lang='lat' dir='ltr'>Exiuit</span> 
     </span>
     <span class='ocr_line' id='line_1_143' title="bbox 3098 2288 3716 2364; baseline 0.008 -20"><span class='ocrx_word' id='word_1_544' title='bbox 3098 2288 3306 2345; x_wconf 88' lang='lat' dir='ltr'>iterum</span> <span class='ocrx_word' id='word_1_545' title='bbox 3334 2289 3547 2364; x_wconf 85' lang='lat' dir='ltr'>pilatus</span> <span class='ocrx_word' id='word_1_546' title='bbox 3575 2289 3716 2349; x_wconf 89' lang='lat' dir='ltr'>foris</span> 
     </span>
    </p>
   </div>
   <div class='ocr_carea' id='block_1_15' title="bbox 3098 2419 3803 4286">
    <p class='ocr_par' dir='ltr' id='par_1_38' title="bbox 3098 2419 3803 4286">
     <span class='ocr_line' id='line_1_144' title="bbox 3098 2419 3803 2482; baseline 0.006 -4"><span class='ocrx_word' id='word_1_547' title='bbox 3098 2427 3157 2479; x_wconf 92' lang='lat' dir='ltr'>et</span> <span class='ocrx_word' id='word_1_548' title='bbox 3184 2420 3264 2478; x_wconf 93' lang='lat' dir='ltr'>ait</span> <span class='ocrx_word' id='word_1_549' title='bbox 3290 2419 3402 2479; x_wconf 92' lang='lat' dir='ltr'>illis</span> <span class='ocrx_word' id='word_1_550' title='bbox 3425 2451 3439 2467; x_wconf 94' lang='lat'><strong>·</strong></span> <span class='ocrx_word' id='word_1_551' title='bbox 3474 2440 3615 2482; x_wconf 90' lang='lat' dir='ltr'>ecce</span> <span class='ocrx_word' id='word_1_552' title='bbox 3644 2421 3803 2482; x_wconf 90' lang='lat' dir='ltr'>addu</span> 
     </span>
     <span class='ocr_line' id='line_1_145' title="bbox 3099 2515 3769 2576; baseline 0.006 -4"><span class='ocrx_word' id='word_1_553' title='bbox 3099 2532 3172 2573; x_wconf 93' lang='lat' dir='ltr'>co</span> <span class='ocrx_word' id='word_1_554' title='bbox 3202 2515 3363 2572; x_wconf 92' lang='lat' dir='ltr'>illum</span> <span class='ocrx_word' id='word_1_555' title='bbox 3392 2516 3563 2575; x_wconf 89' lang='lat' dir='ltr'>uobis</span> <span class='ocrx_word' id='word_1_556' title='bbox 3593 2516 3732 2576; x_wconf 89' lang='lat' dir='ltr'>foris</span> <span class='ocrx_word' id='word_1_557' title='bbox 3755 2548 3769 2563; x_wconf 92' lang='lat'><strong>·</strong></span> 
     </span>
     <span class='ocr_line' id='line_1_146' title="bbox 3099 2609 3737 2685; baseline 0.006 -20"><span class='ocrx_word' id='word_1_558' title='bbox 3099 2619 3162 2665; x_wconf 90' lang='lat' dir='ltr'>ut</span> <span class='ocrx_word' id='word_1_559' title='bbox 3190 2609 3385 2667; x_wconf 87' lang='lat' dir='ltr'>sciatis</span> <span class='ocrx_word' id='word_1_560' title='bbox 3414 2610 3579 2685; x_wconf 90' lang='lat' dir='ltr'>quod</span> <span class='ocrx_word' id='word_1_561' title='bbox 3606 2611 3668 2668; x_wconf 92' lang='lat' dir='ltr'>in</span> <span class='ocrx_word' id='word_1_562' title='bbox 3697 2611 3737 2669; x_wconf 94' lang='lat' dir='ltr'>il</span> 
     </span>
     <span class='ocr_line' id='line_1_147' title="bbox 3098 2701 3730 2779; baseline 0.003 -18"><span class='ocrx_word' id='word_1_563' title='bbox 3098 2701 3221 2761; x_wconf 88' lang='lat' dir='ltr'>lum</span> <span class='ocrx_word' id='word_1_564' title='bbox 3251 2703 3485 2779; x_wconf 87' lang='lat' dir='ltr'>culpam</span> <span class='ocrx_word' id='word_1_565' title='bbox 3516 2722 3640 2762; x_wconf 92' lang='lat' dir='ltr'>non</span> <span class='ocrx_word' id='word_1_566' title='bbox 3670 2704 3730 2763; x_wconf 91' lang='lat' dir='ltr'>in</span> 
     </span>
     <span class='ocr_line' id='line_1_148' title="bbox 3100 2796 3760 2875; baseline 0.003 -20"><span class='ocrx_word' id='word_1_567' title='bbox 3100 2796 3276 2855; x_wconf 90' lang='lat' dir='ltr'>uenio</span> <span class='ocrx_word' id='word_1_568' title='bbox 3299 2827 3315 2841; x_wconf 94' lang='lat'><strong>·</strong></span> <span class='ocrx_word' id='word_1_569' title='bbox 3359 2797 3381 2828; x_wconf 81' lang='lat'><strong>⁶</strong></span> <span class='ocrx_word' id='word_1_570' title='bbox 3399 2796 3597 2855; x_wconf 85' lang='lat' dir='ltr'>Exiuit</span> <span class='ocrx_word' id='word_1_571' title='bbox 3614 2816 3760 2875; x_wconf 92' lang='lat' dir='ltr'>ergo</span> 
     </span>
     <span class='ocr_line' id='line_1_149' title="bbox 3098 2889 3629 2951; baseline 0.006 -3"><span class='ocrx_word' id='word_1_572' title='bbox 3098 2889 3256 2948; x_wconf 84' lang='lat' dir='ltr'>foras</span> <span class='ocrx_word' id='word_1_573' title='bbox 3285 2889 3374 2949; x_wconf 82' lang='lat' dir='ltr'>ihs</span> <span class='ocrx_word' id='word_1_574' title='bbox 3404 2890 3629 2951; x_wconf 86' lang='lat' dir='ltr'>habens</span> 
     </span>
     <span class='ocr_line' id='line_1_150' title="bbox 3099 2985 3724 3060; baseline 0.006 -20"><span class='ocrx_word' id='word_1_575' title='bbox 3099 2985 3368 3060; x_wconf 86' lang='lat' dir='ltr'>spineam</span> <span class='ocrx_word' id='word_1_576' title='bbox 3398 3002 3685 3044; x_wconf 89' lang='lat' dir='ltr'>coronam</span> <span class='ocrx_word' id='word_1_577' title='bbox 3709 3015 3724 3032; x_wconf 91' lang='lat'><strong>·</strong></span> 
     </span>
     <span class='ocr_line' id='line_1_151' title="bbox 3100 3079 3693 3154; baseline 0.007 -20"><span class='ocrx_word' id='word_1_578' title='bbox 3100 3087 3158 3135; x_wconf 91' lang='lat' dir='ltr'>et</span> <span class='ocrx_word' id='word_1_579' title='bbox 3187 3096 3540 3154; x_wconf 89' lang='lat' dir='ltr'>purpuream</span> <span class='ocrx_word' id='word_1_580' title='bbox 3569 3079 3693 3138; x_wconf 90' lang='lat' dir='ltr'>tuni</span> 
     </span>
     <span class='ocr_line' id='line_1_152' title="bbox 3102 3172 3705 3233; baseline 0.003 -3"><span class='ocrx_word' id='word_1_581' title='bbox 3102 3190 3235 3230; x_wconf 90' lang='lat' dir='ltr'>cam</span> <span class='ocrx_word' id='word_1_582' title='bbox 3259 3203 3273 3217; x_wconf 93' lang='lat'><strong>·</strong></span> <span class='ocrx_word' id='word_1_583' title='bbox 3318 3172 3395 3230; x_wconf 91' lang='lat' dir='ltr'>Et</span> <span class='ocrx_word' id='word_1_584' title='bbox 3423 3174 3565 3233; x_wconf 91' lang='lat' dir='ltr'>dicit</span> <span class='ocrx_word' id='word_1_585' title='bbox 3594 3173 3705 3232; x_wconf 91' lang='lat' dir='ltr'>illis</span> 
     </span>
     <span class='ocr_line' id='line_1_153' title="bbox 3101 3265 3746 3345; baseline 0.003 -21"><span class='ocrx_word' id='word_1_586' title='bbox 3101 3283 3236 3324; x_wconf 90' lang='lat' dir='ltr'>ecce</span> <span class='ocrx_word' id='word_1_587' title='bbox 3266 3265 3446 3326; x_wconf 88' lang='lat' dir='ltr'>homo</span> <span class='ocrx_word' id='word_1_588' title='bbox 3468 3298 3482 3312; x_wconf 92' lang='lat'><strong>·</strong></span> <span class='ocrx_word' id='word_1_589' title='bbox 3528 3268 3549 3300; x_wconf 79' lang='lat'>⁶</span> <span class='ocrx_word' id='word_1_590' title='bbox 3567 3285 3746 3345; x_wconf 89' lang='lat' dir='ltr'>quem</span> 
     </span>
     <span class='ocr_line' id='line_1_154' title="bbox 3101 3361 3706 3437; baseline 0.002 -19"><span class='ocrx_word' id='word_1_591' title='bbox 3101 3378 3237 3418; x_wconf 90' lang='lat' dir='ltr'>cum</span> <span class='ocrx_word' id='word_1_592' title='bbox 3264 3361 3545 3419; x_wconf 89' lang='lat' dir='ltr'>uidissent</span> <span class='ocrx_word' id='word_1_593' title='bbox 3574 3361 3706 3437; x_wconf 92' lang='lat' dir='ltr'>prin</span> 
     </span>
     <span class='ocr_line' id='line_1_155' title="bbox 3102 3454 3702 3530; baseline 0.002 -17"><span class='ocrx_word' id='word_1_594' title='bbox 3102 3454 3263 3530; x_wconf 91' lang='lat' dir='ltr'>cipes</span> <span class='ocrx_word' id='word_1_595' title='bbox 3291 3455 3664 3514; x_wconf 89' lang='lat' dir='ltr'>sacerdotum</span> <span class='ocrx_word' id='word_1_596' title='bbox 3685 3486 3702 3503; x_wconf 93' lang='lat'><strong>·</strong></span> 
     </span>
     <span class='ocr_line' id='line_1_156' title="bbox 3103 3550 3659 3609; baseline 0.002 -1"><span class='ocrx_word' id='word_1_597' title='bbox 3103 3557 3161 3608; x_wconf 91' lang='lat' dir='ltr'>et</span> <span class='ocrx_word' id='word_1_598' title='bbox 3188 3550 3433 3607; x_wconf 88' lang='lat' dir='ltr'>ministri</span> <span class='ocrx_word' id='word_1_599' title='bbox 3489 3550 3659 3609; x_wconf 86' lang='lat' dir='ltr'>excla</span> 
     </span>
     <span class='ocr_line' id='line_1_157' title="bbox 3102 3643 3702 3704; baseline 0.007 -4"><span class='ocrx_word' id='word_1_600' title='bbox 3102 3653 3412 3702; x_wconf 89' lang='lat' dir='ltr'>mauerunt</span> <span class='ocrx_word' id='word_1_601' title='bbox 3440 3643 3702 3704; x_wconf 90' lang='lat' dir='ltr'>dicentes</span> 
     </span>
     <span class='ocr_line' id='line_1_158' title="bbox 3102 3738 3680 3816; baseline 0.003 -21"><span class='ocrx_word' id='word_1_602' title='bbox 3102 3738 3377 3814; x_wconf 89' lang='lat' dir='ltr'>crucifige</span> <span class='ocrx_word' id='word_1_603' title='bbox 3405 3739 3680 3816; x_wconf 86' lang='lat' dir='ltr'>crucifige</span> 
     </span>
     <span class='ocr_line' id='line_1_159' title="bbox 3100 3832 3741 3910; baseline 0.002 -20"><span class='ocrx_word' id='word_1_604' title='bbox 3100 3832 3262 3891; x_wconf 90' lang='lat' dir='ltr'>illum</span> <span class='ocrx_word' id='word_1_605' title='bbox 3294 3864 3308 3879; x_wconf 93' lang='lat'><strong>·</strong></span> <span class='ocrx_word' id='word_1_606' title='bbox 3353 3833 3515 3891; x_wconf 85' lang='lat' dir='ltr'>Dixit</span> <span class='ocrx_word' id='word_1_607' title='bbox 3543 3833 3652 3893; x_wconf 91' lang='lat' dir='ltr'>illis</span> <span class='ocrx_word' id='word_1_608' title='bbox 3680 3833 3741 3910; x_wconf 89' lang='lat' dir='ltr'>pi</span> 
     </span>
     <span class='ocr_line' id='line_1_160' title="bbox 3102 3927 3724 4003; baseline 0.002 -19"><span class='ocrx_word' id='word_1_609' title='bbox 3102 3927 3252 3986; x_wconf 91' lang='lat' dir='ltr'>latus</span> <span class='ocrx_word' id='word_1_610' title='bbox 3279 3927 3523 4003; x_wconf 90' lang='lat' dir='ltr'>accipite</span> <span class='ocrx_word' id='word_1_611' title='bbox 3551 3946 3660 3988; x_wconf 87' lang='lat' dir='ltr'>uos</span> <span class='ocrx_word' id='word_1_612' title='bbox 3684 3927 3724 3986; x_wconf 90' lang='lat' dir='ltr'>il</span> 
     </span>
     <span class='ocr_line' id='line_1_161' title="bbox 3102 4021 3690 4097; baseline 0.003 -19"><span class='ocrx_word' id='word_1_613' title='bbox 3102 4021 3223 4079; x_wconf 90' lang='lat' dir='ltr'>lum</span> <span class='ocrx_word' id='word_1_614' title='bbox 3252 4031 3309 4079; x_wconf 91' lang='lat' dir='ltr'>et</span> <span class='ocrx_word' id='word_1_615' title='bbox 3337 4021 3652 4097; x_wconf 86' lang='lat' dir='ltr'>crucifigite</span> <span class='ocrx_word' id='word_1_616' title='bbox 3675 4053 3690 4067; x_wconf 93' lang='lat'><strong>·</strong></span> 
     </span>
     <span class='ocr_line' id='line_1_162' title="bbox 3102 4115 3720 4192; baseline 0.003 -19"><span class='ocrx_word' id='word_1_617' title='bbox 3102 4132 3216 4192; x_wconf 91' lang='lat' dir='ltr'>ego</span> <span class='ocrx_word' id='word_1_618' title='bbox 3246 4115 3404 4174; x_wconf 88' lang='lat' dir='ltr'>enim</span> <span class='ocrx_word' id='word_1_619' title='bbox 3433 4132 3555 4174; x_wconf 87' lang='lat' dir='ltr'>non</span> <span class='ocrx_word' id='word_1_620' title='bbox 3585 4116 3720 4175; x_wconf 89' lang='lat' dir='ltr'>inue</span> 
     </span>
     <span class='ocr_line' id='line_1_163' title="bbox 3099 4209 3744 4286; baseline -0.005 -17"><span class='ocrx_word' id='word_1_621' title='bbox 3099 4212 3201 4270; x_wconf 90' lang='lat' dir='ltr'>nio</span> <span class='ocrx_word' id='word_1_622' title='bbox 3232 4211 3292 4268; x_wconf 92' lang='lat' dir='ltr'>in</span> <span class='ocrx_word' id='word_1_623' title='bbox 3321 4210 3482 4269; x_wconf 88' lang='lat' dir='ltr'>illum</span> <span class='ocrx_word' id='word_1_624' title='bbox 3511 4209 3744 4286; x_wconf 88' lang='lat' dir='ltr'>culpam</span> 
     </span>
    </p>
   </div>
   <div class='ocr_carea' id='block_1_16' title="bbox 3840 517 4125 566">
    <p class='ocr_par' dir='ltr' id='par_1_39' title="bbox 3840 517 4125 566">
     <span class='ocr_line' id='line_1_164' title="bbox 3840 517 4125 566; baseline 0.007 -2"><span class='ocrx_word' id='word_1_625' title='bbox 3840 517 3970 565; x_wconf 63' lang='lat'><strong>1⁸01.</strong></span> <span class='ocrx_word' id='word_1_626' title='bbox 3993 517 4125 566; x_wconf 75' lang='lat'>246.</span> 
     </span>
    </p>
   </div>
  </div>
 </body>
</html>
