4414 4917
587 325 729 375 xm.
758 322 1006 376 16-X1V.
1029 318 1106 387 7.]
1911 308 2265 370 LUCAN-

3523 318 3607 389 95

2146 476 2225 535 Et
2252 477 2594 537 recumbent
2622 475 2680 534 in
2899 493 3024 535 non
3051 493 3147 534 me
3176 474 3447 537 uidebitis
3634 479 3757 529 1'01·
3780 479 3924 528 ΗΒΕ

2146 588 2332 648 regno
2363 570 2422 629 di
2440 601 2454 616 ·
2518 568 2639 630 ³⁰et
2665 587 2805 629 ecce
2903 569 3097 630 donec
3123 571 3322 630 ueniat
3350 576 3425 631 οῦ

1339 476 1453 537 dfie
1481 487 1540 537 et
1569 477 1616 536 si
1638 477 1809 554 pauci
1839 476 1939 556 qui

1339 571 1484 631 salui
1517 573 1659 631 fiunt
1677 604 1692 618 ·
1752 573 1878 649 ipse

291 498 766 561 1¹01.127.quam
795 478 1052 557 alligauit
1079 495 1147 538 sa

586 586 754 635 tanas
822 592 965 633 ecce
993 572 1201 632 decem

587 679 645 729 et
672 679 808 729 octo
836 668 1003 727 annis
1031 685 1156 726 non

588 763 848 840 oportuit
875 762 1023 821 solui

588 874 626 916 a
651 856 890 916 uinculo
916 856 1027 914 isto
1055 854 1151 914 die

590 950 815 1010 sabbati
845 979 860 995 ·
885 979 901 996 ·
937 947 981 982 ¹²
996 948 1075 1008 Et
1103 966 1243 1007 cum

588 1043 743 1127 haec⁴
765 1043 979 1103 diceret
1001 1073 1016 1089 ·
1060 1060 1162 1101 eru

590 1137 909 1196 bescebant
936 1136 1116 1196 aduer

592 1231 725 1290 sarii
752 1231 875 1289 eius
893 1260 908 1277 ·
969 1240 1028 1290 et
1056 1248 1158 1290 om

594 1324 684 1383 nis
711 1323 967 1401 populus
992 1341 1109 1401 gau

596 1417 767 1477 debat
795 1419 855 1477 in
883 1417 1115 1494 praecla

593 1513 672 1572 ris
699 1529 851 1591 quae
880 1510 1144 1570 uiderant

594 1606 717 1665 fieri
746 1607 825 1665 ab
854 1606 986 1682 ipso
1010 1638 1023 1652 ·
1044 1638 1131 1650 —

596 1697 639 1732 ¹⁸
656 1699 906 1760 Dicebat
934 1709 1129 1759 autem
1158 1698 1252 1758 cui

597 1794 782 1854 simile
811 1804 900 1853 est
925 1801 1115 1870 regnu

598 1887 658 1947 di
674 1918 688 1934 ·
760 1897 818 1946 et
847 1888 939 1948 cui
968 1887 1154 1947 simile

596 1998 727 2040 esse
754 1981 895 2040 illud
922 1981 1138 2040 extima

595 2075 676 2134 bo
700 2106 714 2121 ·
779 2072 824 2107 ¹⁹
842 2074 1039 2133 Simile
1067 2085 1157 2135 est

597 2186 847 2245 granum
876 2169 1110 2246 synapis

600 2263 759 2341 quod
786 2273 1033 2340 accepto
1060 2261 1244 2321 homo

601 2393 755 2453 misit
781 2394 842 2453 in
870 2393 1103 2453 hortum

602 2506 772 2548 suum
827 2499 886 2548 et
914 2490 1097 2548 creuit

601 2592 659 2642 et
686 2582 836 2642 facta
864 2592 952 2642 est
979 2583 1152 2642 arbor

601 2676 834 2754 grandis
853 2708 867 2723 ·
932 2676 1024 2736 Ita
1049 2686 1113 2735 ut
1140 2694 1220 2736 uo

598 2770 789 2829 lucres
817 2770 961 2829 caeli
990 2771 1155 2847 requi

600 2874 864 2924 escerent
892 2865 953 2923 in
981 2865 1158 2925 ramis

601 2959 725 3017 eius
749 2990 763 3004 ·
790 2990 803 3004 ·
831 2989 845 3004 ·
864 2954 1002 3016 2‘’Et
1030 2959 1239 3017 iterum

602 3051 745 3111 dixit
762 3082 778 3098 ·
842 3052 934 3111 cui
963 3051 1148 3112 simile

600 3146 920 3205 aestimabo
949 3153 1133 3222 regnu

601 3239 661 3298 di
683 3270 698 3285 ·
756 3236 800 3271 ¹¹
823 3240 1008 3300 simile
1036 3250 1124 3300 est
1150 3240 1234 3299 fer

599 3342 802 3393 mento
830 3334 990 3412 quod
1018 3353 1203 3414 accep

601 3435 725 3486 tum
753 3429 960 3486 mulier
987 3428 1213 3488 abscon

604 3520 688 3580 dit
715 3522 774 3579 in
804 3519 1048 3580 farinam

603 3613 793 3674 donec
822 3614 1107 3675 fermenta

602 3716 725 3767 tum
753 3719 842 3768 est
869 3719 1057 3768 totum
1076 3742 1161 3754 —

601 3798 645 3836 ²²
662 3800 737 3860 Et
765 3803 886 3862 ibat
911 3821 1016 3880 per
1043 3804 1304 3864 ciuitates

605 3906 663 3954 et
689 3895 925 3957 castella
953 3896 1174 3957 docens
1199 3929 1213 3944 ·

605 4000 662 4049 et
689 3991 792 4049 iter
818 3990 1035 4050 faciens
1063 3992 1124 4050 in
1157 3991 1255 4051 hie

605 4084 857 4142 rusalem
881 4116 895 4130 ·
922 4115 936 4130 ·
955 4081 998 4117 ’³
1017 4085 1160 4144 dixit

607 4185 798 4236 autem
825 4176 902 4236 illi
930 4178 1170 4256 quidam

1339 676 1536 725 autem
1564 666 1707 725 dixit
1736 665 1812 725 ad
1839 666 1970 725 illos

1337 760 1383 795 ¹⁴
1400 759 1735 819 contendite
1763 761 1913 819 intra

1339 871 1401 913 re
1428 872 1535 930 per
1561 864 1879 931 angustum

1340 948 1557 1008 ostium
1576 979 1590 994 ·
1655 949 1793 1026 quia
1822 947 1881 1006 di
1963 947 1968 953 '

1340 1060 1415 1101 co
1443 1042 1614 1101 uobis
1640 1041 1805 1101 multi
1834 1060 1948 1118 que

1341 1145 1477 1194 runt
1504 1135 1739 1194 introire
1768 1146 1827 1195 et

1342 1246 1466 1287 non
1495 1238 1807 1305 potuerunt
1827 1260 1841 1275 ·

1343 1318 1387 1354 ²⁶
1404 1322 1498 1380 Ex
1528 1340 1649 1399 quo
1678 1322 1922 1381 surrexit
1949 1340 2028 1398 pa

1344 1416 1676 1476 terfamilias
1704 1428 1761 1476 et
1790 1417 1885 1476 clu

1347 1510 1479 1569 serit
1507 1511 1724 1569 ostium
1742 1542 1757 1556 ·
1818 1510 1897 1570 Et

1346 1604 1634 1680 incipietis
1662 1604 1803 1664 foris

1346 1707 1495 1758 stare
1524 1709 1583 1758 et
1610 1699 1843 1775 pulsare

1348 1792 1608 1851 dicentes
1628 1823 1642 1838 ·
1707 1792 1821 1851 dfie
1852 1792 1966 1861 dne

1348 1886 1505 1961 aperi
1534 1885 1705 1945 nobis
1725 1917 1739 1932 ·
1799 1886 1878 1944 Et
1906 1904 1966 1945 re

1350 1979 1648 2056 spondens
1675 1979 1828 2040 dicet

1350 2074 1551 2133 nescio
1577 2093 1687 2133 uos
1713 2075 1870 2134 unde

1350 2167 1486 2227 estis
1510 2198 1524 2213 ·
1550 2198 1566 2215 ·
1590 2199 1604 2214 ·
1627 2165 1670 2202 ’⁸
1687 2167 1862 2228 Tunc
1891 2168 2006 2228 inci

1349 2262 1518 2339 pietis
1545 2261 1738 2321 dicere
1761 2294 1777 2308 ·

1350 2390 1846 2453 Manducauimus
1875 2412 1948 2453 co

1349 2504 1475 2546 ram
1504 2498 1559 2547 te
1587 2498 1645 2547 et
1672 2490 1924 2549 bibimus
1943 2520 1958 2536 ·

1348 2592 1407 2641 et
1434 2581 1494 2640 in
1522 2582 1726 2659 plateis
1755 2583 1969 2643 nostris

1350 2676 1631 2735 docuistis
1654 2708 1667 2723 ·
1726 2674 1770 2709 ²⁷
1787 2688 1845 2737 et
1873 2677 2024 2736 dicet

1350 2769 1520 2829 uobis
1544 2800 1559 2815 ·
1624 2771 1823 2830 nescio
1851 2788 1962 2831 uos

1349 2863 1506 2922 unde
1537 2865 1675 2923 estis
1697 2895 1712 2910 ·
1774 2864 1953 2925 Disce

1350 2957 1466 3016 dite
1495 2975 1530 3016 a
1558 2976 1653 3016 me
1682 2976 1891 3019 omnes

1351 3052 1595 3128 operarii
1621 3052 1801 3130 iniqui

1352 3146 1485 3204 tatis
1542 3143 1586 3177 ¹⁸
1606 3146 1683 3205 ibi
1711 3147 1817 3206 erit
1844 3147 2013 3206 fletus

1352 3249 1409 3298 et
1436 3239 1648 3299 stridor
1678 3241 1878 3300 dentifi
1896 3273 1978 3284 —

1355 3332 1509 3393 Cum
1539 3334 1795 3394 uideritis
1825 3336 1967 3395 abra

1351 3426 1490 3486 ham
1519 3438 1577 3487 et
1611 3429 1764 3490 isaac
1796 3440 1854 3488 et

1351 3522 1524 3581 iacob
1547 3553 1562 3569 ·
1624 3534 1681 3582 et
1709 3541 1917 3583 omnes

1351 3615 1607 3692 profetas
1635 3618 1820 3677 introe

1355 3721 1521 3770 untes
1549 3711 1609 3769 in
1639 3724 1872 3788 regnu-

1354 3803 1414 3862 di
1432 3835 1446 3850 ·
1507 3821 1618 3864 uos
1648 3817 1839 3865 autem
1869 3825 1942 3865 ex

1350 3897 1485 3975 pelli
1513 3897 1669 3958 foras
1689 3930 1703 3945 ·
1766 3897 1811 3933 ²⁹
1827 3910 1885 3959 et
1911 3918 1985 3961 ue

1353 3993 1516 4051 nient
1543 3994 1621 4051 ab
1649 3994 1870 4054 oriente

1352 4096 1411 4145 et
1438 4086 1743 4146 occidente
1772 4098 1829 4147 et
1856 4107 1894 4147 a

1353 4180 1589 4258 quilone
1609 4210 1624 4227 ·
1667 4191 1724 4241 et
1750 4191 1947 4241 austro

2147 676 2283 724 sunt
2310 665 2619 724 nouissimi

2147 759 2249 837 qui
2277 768 2443 817 erunt
2470 759 2641 835 primi
2672 789 2688 805 ·

2148 862 2207 912 et
2237 862 2373 911 sunt
2400 853 2572 928 primi
2602 851 2702 929 qui

2149 954 2318 1005 erunt
2346 946 2648 1004 nouissimi
2671 977 2686 992 ·

2902 663 3106 723 dicatis
3134 665 3382 724 benedic

2903 767 2997 816 tus
3026 759 3127 835 qui
3155 760 3314 817 uenit
3342 759 3403 817 in
3432 778 3514 820 no

2944 877 3028 905 w
3044 852 3201 910 mine
3230 852 3330 910 dfii
3347 878 3431 902 m

2856 944 2998 1004 *14
3028 944 3047 977 ¹
3067 944 3144 1003 Et
3171 944 3389 1005 factum
3417 956 3510 1006 est

2150 1038 2278 1099 ⁸¹In
2307 1040 2434 1116 ipsa
2463 1039 2554 1098 die
2583 1057 2819 1100 accesse
2852 1038 3043 1097 *cum
3072 1039 3306 1098 intraret

2151 1143 2288 1193 runt
2309 1133 2546 1211 quidam
2576 1133 2634 1193 fa

2151 1229 2435 1287 riseorum
2464 1227 2633 1287 dicen

2153 1330 2241 1380 tes
2265 1320 2342 1379 illi
2361 1352 2376 1367 ·
2436 1322 2530 1380 exi
2558 1332 2617 1380 et
2644 1320 2794 1381 uade

2154 1414 2290 1474 hinc
2315 1446 2330 1460 ·
2386 1415 2526 1492 quia
2553 1414 2696 1474 hero

2155 1508 2260 1567 des
2288 1508 2414 1567 uult
2440 1518 2498 1568 te
2526 1508 2732 1569 occide

2153 1620 2216 1662 re
2241 1632 2255 1647 ·
2304 1600 2349 1635 ⁸²
2366 1613 2424 1662 et
2452 1604 2530 1661 ait
2559 1602 2670 1662 illis
2691 1634 2706 1649 ·
2754 1603 2833 1663 ite

2153 1696 2330 1756 dicite
2357 1696 2519 1773 uulpi
2548 1696 2627 1755 illi
2648 1727 2663 1743 ·

2152 1790 2312 1849 Ecce
2339 1791 2489 1850 eicio
2517 1791 2795 1850 demonia

2154 1894 2213 1943 et
2241 1886 2514 1944 sanitates
2544 1903 2647 1962 per

2153 1977 2289 2037 ficio
2318 1978 2490 2037 hodie
2517 1989 2576 2037 et
2603 1997 2731 2038 cras
2750 2010 2764 2025 ·

2154 2083 2212 2132 et
2241 2073 2405 2131 tertia
2433 2073 2526 2131 die
2557 2091 2673 2131 con

2154 2184 2415 2225 summor
2439 2197 2454 2213 ·
2478 2197 2493 2213 ·
2516 2166 2560 2199 ⁸⁸
2576 2172 2720 2225 nerii

2152 2269 2351 2320 tamen
2379 2270 2612 2355 oportet
2638 2278 2736 2319 me

2152 2390 2328 2451 hodie
2354 2402 2412 2452 et
2440 2411 2568 2454 cras
2590 2424 2605 2440 ·
2664 2403 2723 2453 et

2155 2489 2422 2565 sequenti
2451 2489 2531 2547 ire
2552 2520 2567 2535 ·

2154 2582 2291 2658 quia
2319 2600 2442 2641 non
2470 2584 2627 2659 capit
2654 2602 2763 2660 pro

2155 2674 2332 2734 setam
2361 2678 2544 2753 perire
2572 2686 2736 2737 extra

2154 2768 2505 2829 hierusalem
2523 2801 2538 2817 ·
2555 2802 2641 2815 —

2153 2858 2198 2895 ⁸⁴
2218 2863 2576 2923 Hiemsalem
2601 2896 2616 2911 ·
2672 2864 2836 2926 hieru

2152 2956 2333 3016 salem
2353 2989 2367 3004 ·
2428 2976 2576 3035 quae
2605 2961 2738 3020 occi

2151 3051 2239 3110 dis
2268 3052 2523 3128 profetas
2550 3062 2609 3112 et
2635 3055 2693 3114 la

2147 3146 2318 3223 pidas
2348 3164 2452 3207 eos
2480 3148 2579 3225 qui
2608 3149 2685 3208 ad
2715 3159 2773 3210 te

2147 3241 2450 3300 mittuntur
2470 3273 2484 3288 ·
2548 3261 2670 3321 quo

2148 3334 2299 3393 tiens
2327 3335 2486 3394 uolui
2514 3355 2632 3397 con

2148 3446 2393 3506 gregare
2422 3430 2572 3491 filios

2146 3533 2282 3582 tuos
2311 3524 2567 3602 quemad

2148 3617 2398 3676 modum
2425 3618 2645 3694 gallina

2146 3711 2340 3788 pullos
2368 3729 2508 3771 suos
2538 3713 2650 3770 sub

2147 3805 2357 3882 pinnas
2386 3816 2443 3865 et
2471 3805 2663 3867 noluis

2147 3899 2222 3958 tis
2245 3929 2260 3945 ·
2320 3898 2366 3932 ⁸⁸
2382 3917 2520 3959 ecce
2548 3901 2757 3978 rinque

2148 4003 2241 4053 tur
2268 3994 2440 4052 uobis
2468 3992 2681 4056 domus

2147 4099 2343 4148 uestra
2370 4088 2694 4148 deserta—

2149 4181 2303 4242 Dico
2332 4193 2524 4242 autem
2551 4185 2725 4245 uobis

2855 1132 2963 1200 *in
2993 1131 3236 1191 domum
3268 1134 3433 1193 cuius

2852 1225 3036 1284 *dam
3066 1227 3350 1304 principis

2907 1319 3284 1379 sarisaeorum

2907 1416 3154 1475 sabbato
3181 1415 3408 1474 mandu

2906 1527 3038 1569 care
3067 1528 3282 1586 panem
3305 1540 3320 1556 ·
3373 1508 3453 1569 Et

2906 1604 3017 1680 ipsi
3044 1605 3433 1663 obseruabant

2906 1716 3043 1757 eum
3063 1729 3077 1744 ·
3137 1696 3251 1756 'Et
3280 1715 3421 1757 ecce

2905 1791 3088 1851 homo
3116 1791 3367 1869 hydropi

2907 1903 3011 1945 cus
3039 1895 3160 1944 erat
3187 1894 3320 1943 ante
3348 1885 3388 1944 il

2909 1979 3030 2037 lum
3051 2010 3066 2025 ·
3128 1978 3149 2011 ⁸
3166 1979 3244 2037 Et
3272 1997 3490 2056 respon

2908 2072 3057 2131 dens
3083 2072 3175 2131 ihs
3202 2072 3277 2131 ad
3305 2071 3450 2149 legis

2906 2167 3123 2243 peritos
3149 2176 3207 2224 et
3234 2166 3340 2225 fari

2909 2278 3044 2320 seos
3072 2260 3213 2319 dixit
3234 2291 3249 2307 ·
3321 2261 3368 2319 si
3396 2260 3532 2320 licet

2910 2388 3147 2453 sabbato
3177 2410 3379 2451 curare

2910 2499 3009 2547 aut
3038 2505 3160 2546 non
3186 2518 3202 2534 ·
3263 2487 3285 2519 ⁴
3303 2497 3363 2546 at
3390 2487 3468 2546 illi
3496 2496 3558 2547 ta

2908 2591 3152 2642 cuerunt
3175 2612 3190 2627 ·
3256 2581 3382 2658 ipse
3409 2599 3483 2641 ue

2908 2694 2976 2736 ro
3004 2675 3441 2752 adprehensum

2908 2788 3046 2830 eum
3073 2769 3303 2829 sanauit
3371 2786 3441 2828 ac
3470 2768 3531 2828 di

2908 2864 3065 2924 misit
3092 2864 3235 2922 ilum
3258 2893 3273 2910 ·
3317 2862 3341 2896 ⁸
3362 2862 3439 2922 Et
3468 2863 3616 2925 dixit

2908 2958 2982 3017 ad
3011 2958 3140 3017 illos
3165 2989 3179 3004 ·
3245 2956 3426 3017 Cuius
3453 2975 3562 3018 ues

2907 3061 3063 3111 trum
3091 3051 3240 3110 filius
3267 3063 3366 3111 aut
3394 3052 3505 3111 bos

2908 3146 3062 3205 cadit
3089 3145 3149 3204 in
3179 3156 3422 3222 puteum
3444 3175 3459 3191 ·

2906 3250 2964 3298 et
2991 3258 3114 3298 non
3142 3240 3424 3299 continuo
3451 3258 3527 3299 ex

2907 3334 3037 3392 trait
3066 3332 3228 3391 illum
3257 3334 3319 3391 in
3354 3333 3446 3392 die

2908 3427 3133 3486 sabbati
3157 3457 3172 3472 ·
3215 3426 3329 3485 ‘Et
3357 3444 3481 3485 non
3510 3446 3594 3505 po

2907 3530 3097 3579 terant
3124 3519 3201 3578 ad
3228 3519 3337 3579 hec
3365 3538 3460 3579 res

2906 3613 3164 3691 pondere
3193 3613 3272 3672 illi
3291 3644 3307 3661 ·
3370 3613 3540 3673 '‘dioe

2906 3709 3076 3767 cebat
3105 3717 3299 3767 autem
3328 3708 3404 3767 ad
3433 3709 3494 3767 in

2905 3801 3121 3860 uitatos
3150 3801 3392 3861 similitu

2906 3894 3104 3953 dinem
3123 3926 3138 3942 ·
3202 3894 3511 3956 intendens

2904 3988 3209 4067 quomodo
3235 3991 3458 4066 primos

2903 4083 3196 4142 recubitos
3230 4083 3393 4160 elege

2905 4186 3033 4236 rent
3050 4208 3065 4224 ·
3123 4175 3344 4236 Dicens
3371 4178 3449 4238 ad
