4414 4917
2100 306 2373 370 SECD·
3201 317 3370 381 [xxi.
3395 321 3670 372 ao-xxn.
3699 333 3780 384 15.

781 305 903 369 106

3805 490 3934 539 Iol.
3955 492 4086 542 150.

2330 484 2523 544 ueniet
2551 484 2610 542 in
2640 501 2850 543 omnes
3081 484 3176 544 “et
3204 483 3362 562 pacti
3390 494 3524 544 sunt
3551 504 3627 562 pe

3080 579 3314 637 cuniam
3342 578 3419 637 illi
3449 578 3586 637 dare
3610 610 3625 625 ·

1526 483 1682 543 Nam
1710 486 1949 544 uirtutes
1978 504 2084 546 cae

1523 579 1713 640 lorum
1735 581 2036 641 mouebun

455 489 580 541 rol.
603 490 727 543 149.
770 484 1023 546 uideritis
1051 486 1269 546 circum

772 580 897 640 dari
925 581 1001 638 ab
1029 580 1286 638 exercitu

767 674 1112 733 hierusalem
1133 705 1147 720 ·
1206 684 1347 734 tunc

769 769 973 828 scitote
1044 769 1180 845 quia
1207 768 1283 827 ad

766 862 1057 940 propiauit
1085 861 1284 922 desola

765 956 850 1015 tio
878 957 1001 1015 eius
1059 953 1100 988 ¹²
1121 966 1258 1015 tunc

764 1051 866 1128 qui
893 1051 953 1109 in
982 1048 1188 1109 iudaea
1215 1060 1351 1110 sunt

765 1144 986 1221 fugiant
1014 1145 1073 1202 in
1104 1156 1336 1204 montes

762 1236 840 1297 Et
868 1239 966 1316 qui
994 1238 1054 1296 in
1081 1238 1276 1297 medio
1304 1238 1428 1299 eius

763 1332 1066 1391 discedant
1133 1342 1188 1390 et
1216 1333 1315 1409 qui

762 1425 825 1483 in
852 1426 1188 1501 regionibus
1218 1443 1341 1485 non

762 1519 973 1577 intrent
1000 1519 1060 1576 in
1087 1537 1219 1578 eam

760 1609 805 1644 ’Β
820 1613 956 1690 quia
978 1612 1101 1672 dies
1128 1613 1360 1672 ultionis

760 1707 819 1765 hi
848 1715 982 1765 sunt
1005 1739 1019 1754 ·
1084 1714 1147 1765 ut
1174 1708 1352 1785 imple

761 1812 890 1861 atur
917 1801 1119 1860 omnia
1146 1819 1298 1878 quae

757 1897 971 1972 scripta
998 1904 1133 1954 sunt

757 1987 801 2022 ¹⁸
819 1989 948 2049 Uae
971 1988 1078 2048 illis
1099 1991 1197 2065 qui
1219 1992 1278 2048 in
1296 2000 1459 2052 utero

754 2084 972 2143 habent
1033 2093 1090 2142 et
1118 2085 1216 2160 qui
1245 2086 1360 2144 ube

755 2196 820 2236 ra
848 2178 989 2237 dant
1015 2176 1074 2233 in
1102 2177 1208 2236 illis
1237 2179 1327 2238 die

754 2273 864 2330 bus
886 2304 901 2318 ·
962 2272 1067 2330 erit
1098 2272 1255 2331 enim

721 2417 724 2421 .
754 2384 1023 2444 pressura
1050 2385 1267 2444 magna

754 2517 930 2576 super
956 2510 1167 2560 terram
1192 2532 1204 2546 ·

752 2601 809 2651 et
837 2594 920 2651 ira
946 2594 1167 2671 populo
1197 2593 1328 2652 huic

750 2683 794 2718 ’⁴
812 2697 869 2746 et
899 2688 1106 2746 cadent
1128 2688 1186 2745 in
1216 2706 1316 2747 ore
1335 2688 1432 2763 gla

751 2780 828 2839 dii
849 2812 863 2827 ·
923 2791 980 2840 et
1010 2782 1221 2858 captiui
1250 2781 1330 2839 du

751 2885 955 2933 centur
987 2876 1047 2933 in
1076 2876 1348 2934 omnibus

750 2969 1019 3044 gentibus
1039 3000 1052 3014 ·
1118 2978 1175 3026 et
1204 2968 1298 3026 hie

749 3061 1002 3119 rusalem
1031 3060 1252 3120 calcabi

747 3165 840 3214 tur
869 3172 903 3213 a
932 3155 1264 3213 nationibus
1289 3186 1303 3199 ·

746 3248 958 3308 Donec
978 3249 1283 3325 impleatur
1313 3253 1367 3306 te

744 3360 891 3420 pora
907 3342 1166 3419 gentium
1187 3373 1201 3387 ·

742 3435 865 3496 ”Et
881 3446 1048 3496 erunt
1065 3437 1230 3512 signa
1248 3436 1307 3494 in
1326 3435 1448 3495 sole

743 3541 802 3591 et
830 3532 967 3590 luna
995 3539 1052 3590 et
1081 3530 1257 3589 stellis
1277 3562 1291 3575 ·

740 3635 800 3684 et
828 3626 886 3683 in
917 3626 1076 3683 terris
1106 3642 1277 3700 praes

740 3736 875 3778 sura
894 3720 1153 3796 gentium
1180 3748 1193 3763 ·

739 3831 879 3890 prae
908 3811 1252 3872 confusione
1283 3828 1351 3869 so

739 3907 891 3965 nitus
920 3905 1095 3963 maris
1124 3913 1181 3962 et
1211 3903 1323 3962 flue

736 4010 902 4059 tuum
929 4031 943 4046 ·
988 3996 1030 4030 ’Β
1053 4008 1110 4057 et
1143 4015 1383 4058 arescen

736 4094 890 4151 tibus
918 4092 1255 4151 hominibus

735 4205 836 4263 pre
867 4187 1072 4244 timore
1091 4217 1105 4232 ·
1167 4194 1223 4245 et
1253 4204 1327 4244 ex

735 4279 1094 4356 spectatione
1123 4297 1274 4355 quae

736 4373 1101 4450 superueniet
1129 4373 1402 4431 uniuerso

1235 4465 1357 4523 orbi
1383 4498 1394 4510 ·
1422 4499 1434 4511 ·

1521 683 1611 733 tur
1635 705 1649 720 ·
1692 671 1807 733 net
1836 685 1972 733 tunc
2008 674 2142 735 uide

1519 769 1666 827 bunt
1695 768 1874 826 filium
1903 768 2066 828 homi

1519 862 1610 920 nis
1630 862 1962 921 uenientem

1520 973 1656 1015 cum
1684 956 1935 1014 nubibus
1963 973 2099 1015 cum

1520 1059 1804 1126 potestate
1833 1068 2051 1126 magna

1520 1153 1578 1202 et
1598 1144 1896 1203 maiestate
1920 1175 1934 1189 ·
1960 1175 1973 1188 ·

1518 1235 1560 1270 ²⁸
1579 1237 1692 1295 His
1720 1247 1915 1296 autem
1941 1236 2064 1295 fieri
2092 1236 2153 1295 in

1518 1331 1860 1409 cipientibus

1516 1426 1865 1502 respirabitis
1893 1435 1949 1484 et
1979 1425 2031 1484 le

1515 1520 1724 1577 uabitis
1752 1521 1942 1595 capita
1971 1537 2075 1578 ues

1514 1624 1601 1671 tra
1622 1645 1636 1659 ·
1696 1619 1840 1691 qum
1869 1612 2117 1690 adpropi

1514 1716 1573 1765 at
1601 1707 1882 1765 redemtio
1915 1717 2104 1765 uestra

2329 578 2428 656 qui
2464 577 2668 637 sedent
2695 596 2865 655 super

2328 671 2538 730 faciem
2567 672 2759 731 omnis
2781 683 2867 732 ter

2328 784 2424 825 rae
2448 797 2462 812 ·
2507 766 2550 799 ³⁶
2567 765 2817 843 Uigilate
2846 768 2927 828 ita

2327 879 2439 938 que
2470 862 2631 921 omni
2665 870 2866 938 tempo

2327 973 2388 1013 re
2417 964 2645 1015 orantes
2704 967 2767 1014 ut

2327 1047 2484 1124 digni
2513 1049 2844 1107 habeamini

2325 1142 2581 1219 effugere
2610 1143 2717 1200 ista
2747 1160 2848 1202 om

2327 1236 2423 1294 nia
2450 1254 2563 1313 que
2593 1235 2783 1295 futura

2325 1339 2458 1387 sunt
2515 1339 2571 1388 et
2600 1330 2819 1389 stabitis

2324 1433 2457 1482 ante
2489 1423 2670 1482 filium
2699 1423 2862 1483 homi

2469 1518 2780 1575 mnis—e·

2271 1609 2300 1641 *
2323 1610 2368 1643 ³⁶¹
2384 1610 2523 1670 Erat
2549 1622 2744 1671 autem
2772 1612 2911 1671 inter

2269 1703 2298 1735 *
2324 1706 2422 1765 (1ἰο
2452 1706 2673 1765 docens
2701 1706 2762 1764 in

1512 1797 1555 1833 ²⁹
1573 1800 1650 1859 Et
1679 1800 1819 1858 dixit
1847 1799 2185 1876 parabolam
2268 1798 2298 1831 *
2323 1799 2544 1876 templo
2569 1830 2583 1846 ·
2649 1801 2875 1859 noctibs

1512 1894 1586 1952 ad
1616 1913 1719 1953 eos
1739 1926 1753 1941 ·
1813 1893 2003 1952 uidete
2032 1893 2071 1952 fi

1510 1988 1779 2047 culneam
1807 1997 1864 2046 et
1892 2005 2101 2046 omnes

1510 2083 1749 2141 arbores
1774 2114 1788 2127 ·
1831 2080 1877 2113 ³⁰
1894 2100 2027 2140 cum
2056 2100 2164 2157 pro

1509 2175 1839 2253 producunt
1867 2176 1983 2233 iam
2013 2194 2086 2234 ex

1511 2286 1573 2327 se
1601 2268 1850 2327 fructum
1870 2300 1883 2313 ·
1953 2268 2047 2326 Sci

1508 2363 1580 2421 tis
1609 2368 1751 2441 qum
1780 2363 1897 2421 iam
1925 2380 2106 2439 prope

1508 2504 1596 2553 est
1613 2506 1825 2554 aestas·
1846 2495 1888 2529 ³¹
1902 2496 1988 2555 Ita
2006 2505 2064 2554 et
2083 2495 2191 2555 hee

1510 2608 1646 2648 cum
1674 2589 1923 2649 uideritis
1953 2590 2073 2648 fieri
2098 2621 2112 2636 ·

1512 2685 1714 2742 scitote
1743 2684 1902 2762 quod
1937 2702 2120 2761 prope

1511 2788 1597 2835 est
1624 2796 1867 2852 regnum
1898 2777 1957 2835 di
1977 2809 1991 2824 ·

1510 2868 1748 2928 ”Amen
1760 2871 1891 2930 dico
1908 2870 2080 2930 uobis
2092 2873 2226 2951 quia

1512 2982 1634 3022 non
1664 2965 1955 3040 preteribit
1983 2983 2060 3040 ge

1513 3058 1731 3116 nei-atio
1764 3057 1873 3116 hee
1902 3058 2084 3117 donec

1511 3152 1709 3210 omnia
1739 3152 1879 3210 fiant
1903 3184 1917 3199 ·
1962 3152 2207 3213 ³³Caelii

1509 3255 1565 3303 et
1597 3247 1743 3305 terra
1771 3247 2030 3305 transibit

1507 3342 1683 3398 uerba
1712 3351 1901 3399 autem
1934 3359 2066 3400 mea

1509 3452 1630 3491 non
1666 3435 1988 3493 transibunt

1506 3527 1547 3559 ³⁴
1565 3527 1876 3587 Adtendite
1906 3539 2099 3588 autem
2129 3549 2210 3590 uo

1505 3623 1594 3679 bis
1624 3641 1698 3680 ne
1728 3622 1873 3680 forte
1901 3641 2122 3698 grauen

1502 3725 1592 3773 tur
1620 3716 1801 3774 corda
1828 3728 2021 3774 uestra
2048 3716 2108 3774 in

1501 3809 1738 3885 crapula
1766 3820 1822 3866 et
1850 3810 2006 3868 ebrie

1500 3911 1616 3960 tate
1642 3934 1656 3947 ·
1684 3935 1696 3948 ·
1759 3902 1834 3960 Et
1864 3904 2055 3979 cogita

1500 3997 1753 4057 tionibus
1778 3996 2083 4056 secularibs
2114 4025 2174 4040 ·-

1499 4102 1554 4150 et
1586 4092 1950 4167 superueniat
1979 4092 2040 4148 in

1499 4203 1607 4244 uos
1636 4186 1932 4261 repentina
1961 4185 2084 4243 dies

1498 4277 1591 4336 illa
1617 4308 1631 4323 ·
1674 4277 1720 4310 ⁸⁸
1742 4291 2037 4356 tamquam
2067 4278 2122 4338 la

1497 4388 1683 4447 queus
1711 4372 1869 4430 enim
1899 4390 2071 4449 super

2318 1911 2460 1952 uero
2489 1895 2849 1953 auocabatur

2317 1988 2376 2045 in
2408 1998 2610 2047 monte
2637 1989 2735 2065 qui
2763 2006 2842 2047 uo

2317 2089 2479 2139 catur
2507 2081 2701 2140 oliueti
2722 2112 2736 2127 ·
2780 2081 2822 2114 ’⁸
2841 2081 2918 2141 Et

2317 2175 2509 2233 omnis
2537 2175 2789 2252 populus

2316 2269 2646 2327 manicabat
2676 2269 2750 2327 ad
2778 2276 2851 2329 eii

2316 2362 2376 2420 in
2405 2363 2626 2440 templo
2655 2364 2853 2423 audire
2884 2364 2921 2422 il

2315 2494 2437 2553 lum
2461 2528 2474 2540 ·
2498 2528 2510 2540 ·
2534 2527 2546 2541 ·
2595 2502 2697 2555 22.
2726 2495 3016 2574 ¹Adpropi

2313 2590 2429 2648 auit
2458 2600 2652 2648 autem
2682 2591 2804 2650 dies
2833 2610 2939 2669 azy

2314 2701 2544 2741 morum
2607 2686 2709 2762 qui
2737 2685 2848 2744 dici

2314 2787 2404 2835 tur
2432 2778 2655 2854 pascha
2678 2811 2691 2825 ·
2737 2776 2849 2836 ’Et
2878 2798 2993 2857 que

2314 2872 2516 2929 rebant
2546 2873 2835 2949 principes

2316 2966 2683 3026 sacerdotum
2712 2978 2768 3026 et

2316 3060 2537 3118 scribae
2566 3078 2789 3138 quomo

2316 3154 2394 3212 do
2424 3172 2557 3212 eum
2586 3155 2844 3215 interfice

2313 3258 2443 3306 rent
2492 3249 2768 3307 timebant

2312 3359 2452 3400 uero
2482 3342 2711 3418 plebem
2737 3374 2750 3388 ·
2769 3372 2811 3386 -

2311 3433 2334 3466 ⁸
2352 3434 2590 3493 Intrauit
2619 3445 2813 3493 autem
2844 3453 2908 3494 sa

2311 3540 2476 3586 tanas
2507 3530 2565 3586 in
2596 3529 2797 3588 iudam

2309 3623 2407 3698 qui
2438 3624 2875 3698 cognominaba

2310 3725 2400 3773 tur
2429 3716 2677 3776 scarioth
2740 3735 2892 3776 unus

2307 3808 2381 3868 de
2409 3809 2720 3868 duodecim
2745 3842 2759 3856 ·
2786 3843 2800 3856 ·

2305 3904 2326 3936 ⁴
2349 3913 2404 3961 et
2433 3904 2572 3962 abiit
2602 3915 2657 3962 et
2687 3904 2923 3964 locutus

2306 4007 2394 4056 est
2423 4015 2559 4055 cum
2589 3998 2834 4074 principi

2308 4091 2414 4148 bus
2445 4092 2816 4150 sacerdotum

2306 4196 2363 4243 et
2392 4187 2595 4244 scribis
2655 4203 2832 4262 quem

2306 4278 2625 4338 admodum
2654 4280 2814 4339 illum

2305 4373 2550 4432 traderet
2578 4374 2661 4432 eis

3078 672 3100 705 ⁸
3117 671 3193 731 Et
3221 673 3499 749 querebat
3532 690 3683 749 opur

3079 767 3382 825 tunitatem
3410 776 3474 824 ut
3502 776 3588 825 tra

3079 860 3238 919 deret
3265 878 3401 918 eum
3429 860 3539 918 illis
3567 860 3615 919 si

3079 972 3153 1012 ne
3182 954 3350 1012 turba
3371 985 3385 999 ·
3429 953 3452 988 ‘¹
3469 952 3648 1012 Uenit

3079 1056 3272 1106 autem
3301 1048 3426 1107 dies
3455 1066 3562 1125 azy

3077 1158 3310 1201 morum
3371 1142 3431 1200 in
3462 1159 3578 1218 qua

3078 1253 3319 1295 neeesse
3348 1245 3471 1295 erat
3499 1237 3580 1294 im

3076 1330 3280 1388 molari
3308 1330 3530 1406 pascha
3553 1362 3568 1375 ·

3075 1424 3095 1455 ⁸
3114 1421 3190 1482 Et
3217 1424 3372 1483 misit
3398 1435 3628 1501 petrum

3075 1527 3133 1576 et
3161 1517 3478 1577 iohannem
3506 1518 3712 1577 dicens

3075 1622 3277 1669 euntes
3304 1622 3502 1689 parate
3531 1629 3614 1670 no

3075 1706 3163 1763 bis
3192 1706 3413 1782 pascha
3440 1716 3504 1764 ut
3531 1716 3666 1764 m⁸n

3074 1798 3357 1858 ducemus
3379 1833 3393 1846 ·
3415 1833 3428 1846 ·
3465 1796 3489 1831 ⁹
3504 1800 3585 1858 At
3614 1799 3691 1858 illi

3072 1892 3337 1952 dixerunt
3393 1894 3493 1952 ubi
3522 1894 3611 1952 uis

3072 2005 3346 2063 paremus
3368 2020 3382 2033 ·
3429 1988 3472 2021 ¹⁰
3489 1998 3546 2046 et
3574 1988 3717 2047 dixit

3072 2081 3180 2139 illis
3242 2100 3381 2140 ecce
3411 2082 3564 2140 intro

3070 2176 3339 2233 euntibus
3368 2176 3537 2234 uobis
3563 2177 3625 2233 in

3071 2269 3300 2328 ciuitate
3329 2288 3508 2329 occur

3070 2372 3157 2422 ret
3184 2364 3353 2423 uobis
3382 2363 3565 2424 homo

3068 2497 3356 2557 amforam
3386 2516 3535 2576 aque
3562 2516 3677 2576 por

3068 2600 3197 2650 tans
3217 2623 3231 2637 ·
3298 2593 3608 2669 sequimini
3637 2598 3712 2652 esi

3068 2685 3129 2744 in
3152 2686 3332 2745 domo
3361 2687 3420 2745 in
3448 2705 3569 2764 quo
3597 2687 3773 2745 intrat

3067 2778 3107 2811 ¹¹
3126 2790 3182 2838 et
3212 2779 3382 2838 dicite
3411 2778 3695 2856 patrifami

3067 2874 3177 2933 liae
3196 2906 3210 2919 ·
3274 2871 3556 2949 Magister
3583 2874 3722 2933 dicit

3065 2968 3164 3026 ubi
3192 2978 3279 3025 est
3308 2967 3624 3027 diuersorit'i

3065 3062 3164 3119 ubi
3193 3061 3414 3137 pascha
3442 3080 3578 3120 cum
3607 3062 3699 3120 dis

3066 3156 3270 3232 cipulis
3299 3157 3448 3214 meis
3476 3174 3614 3214 man

3067 3249 3277 3308 ducem
3298 3280 3311 3296 ·
3358 3250 3400 3282 ¹²
3417 3250 3492 3308 Et
3522 3251 3614 3309 ille
3644 3268 3727 3311 uo

3066 3345 3154 3402 bis
3182 3343 3448 3403 ostendet
3478 3362 3622 3421 supe

3064 3437 3274 3496 riorem
3303 3437 3499 3497 locum
3529 3449 3644 3497 stra

3063 3540 3186 3588 tum
3216 3549 3494 3606 magnum
3524 3532 3602 3590 ibi
3632 3551 3711 3609 pa

3062 3635 3181 3682 rate
3207 3655 3221 3670 ·
3266 3624 3305 3659 ¹⁸
3323 3625 3544 3684 Euntes
3574 3630 3709 3685 aute

3062 3719 3410 3778 inuenerunt
3474 3720 3618 3779 sicut

3061 3812 3203 3870 dixit
3233 3813 3342 3872 illis
3405 3823 3461 3872 et
3490 3832 3633 3890 para

3060 3917 3268 3965 uerunt
3295 3907 3488 3985 pacha
3512 3940 3525 3953 ·
3571 3908 3613 3942 ¹⁴
3634 3908 3715 3967 Et

3060 4018 3196 4059 cum
3227 4001 3382 4060 facta
3409 4012 3561 4060 esset
3591 4001 3737 4062 hora

3059 4095 3349 4153 discubuit
3409 4095 3484 4153 Et
3517 4096 3634 4155 duo

3058 4189 3249 4247 decim
3279 4190 3527 4265 apostoli
3555 4208 3694 4250 cum

3057 4283 3154 4342 illo
3187 4315 3201 4330 ·
3245 4282 3289 4315 ¹⁶
3306 4283 3383 4341 Et
3412 4284 3488 4343 ait
3509 4284 3616 4342 illis
3639 4285 3766 4344 desi

3058 4377 3219 4437 derio
3251 4378 3577 4438 desideraui
