4414 4917
636 344 721 394 ιν.
745 342 913 406 ι3-ν.
937 338 1013 405 8.]
1964 325 2282 390 LUCAN
2300 357 2315 375 ·

3569 341 3651 413 79

2193 495 2273 556 Et
2299 506 2652 573 rogauerunt
2680 495 2830 555 inu-
2946 496 3130 557 Secus
3160 508 3433 577 stagnum
3460 518 3580 579 gen
3678 512 3804 563 τοι.
3826 513 3923 561 06.

2193 609 2303 668 pro
2332 609 2403 650 ea
2426 622 2442 638 ·
2484 591 2529 625 ⁸⁹
2544 590 2621 650 Et
2642 600 2802 652 stans
2824 610 2894 651 su
2945 594 3218 655 nesareth
3238 627 3253 642 ·
3297 595 3320 628 ²
3337 607 3395 657 et
3415 598 3478 657 ui

338 505 475 555 rol.
498 507 593 556 05.
1387 497 1428 531 ⁸¹
1438 497 1515 558 Et
1526 497 1897 557 descenditin
1914 516 2087 575 caper

1389 611 1569 652 naum
1598 594 1891 653 ciuitatem

636 502 871 563 Medice
899 510 1120 561 curate
1148 501 1281 578 ipsu
1301 530 1316 547 ·

636 608 857 677 quanta
883 596 1215 655 audiuimus

635 693 790 753 sacta
817 693 878 751 in
900 708 1255 768 capernaum
1279 719 1294 736 ·

635 787 728 847 sac
747 797 804 846 et
819 787 914 846 hic
933 787 992 844 in
1011 786 1196 863 patria
1206 795 1303 843 tua
1322 813 1337 830 ·

634 880 846 939 “Dixit
854 880 1147 939 autemibs
1166 895 1341 937 amen

639 974 773 1035 dico
802 974 973 1032 uobis
995 1004 1010 1020 ·
1071 972 1234 1051 quod
1263 990 1339 1031 ne

639 1085 740 1128 mo
768 1067 995 1144 profeta
1021 1085 1206 1143 accep

639 1172 733 1221 tus
760 1173 847 1222 est
873 1162 933 1219 in
956 1162 1139 1239 patria
1168 1178 1274 1219 sua

639 1254 684 1289 ’ὅ
701 1257 772 1315 In
799 1257 1039 1315 ueritate
1068 1254 1202 1315 dico
1235 1272 1313 1313 uo

643 1352 731 1411 bis
754 1381 769 1398 ·
833 1350 1048 1409 multae
1074 1349 1289 1408 uiduae

642 1444 873 1504 fuerunt
900 1444 960 1501 in
989 1443 1195 1502 diebus

641 1537 825 1598 heliae
855 1538 918 1596 in
945 1538 1016 1597 isi
1038 1569 1053 1584 ·
1116 1555 1275 1615 quan

642 1632 721 1692 do
748 1632 977 1690 clusum
1005 1640 1092 1689 est
1118 1630 1285 1691 caelii

645 1727 812 1784 annis
840 1726 1022 1784 tribus
1044 1734 1104 1784 et

643 1820 943 1879 mensibus
971 1837 1074 1877 sex
1095 1850 1109 1865 ·
1133 1849 1146 1865 ·
1193 1819 1284 1877 Cn

646 1914 797 1973 facta
825 1924 915 1972 est
943 1912 1113 1972 samis
1142 1923 1276 1990 mag

644 2027 719 2066 na
748 2009 809 2066 in
837 2008 1001 2066 omni
1032 2017 1181 2067 terra
1203 2039 1218 2054 ·

643 2103 687 2137 ⁸⁸
702 2101 780 2161 Et
801 2102 878 2160 ad
909 2101 1129 2160 nullam
1158 2101 1322 2160 illarii

644 2197 855 2255 missus
884 2205 970 2253 est
997 2194 1179 2254 helias
1200 2227 1227 2256 ·.

646 2290 755 2348 nisi
783 2299 1014 2366 sarapta
1041 2289 1303 2349 sidoniae

647 2650 722 2710 ad
750 2649 1049 2709 mulierem
1074 2649 1305 2709 uidua·-
1328 2682 1343 2697 ·

647 2741 691 2777 ¹⁷
707 2754 765 2803 et
791 2744 957 2802 multi
984 2744 1196 2821 leprosi
1226 2763 1259 2804 e

645 2847 772 2897 rant
800 2839 861 2896 in
892 2838 963 2896 isl
989 2839 1098 2896 sub
1125 2837 1270 2896 belis

648 2949 751 2991 seo
779 2931 1009 3009 profeta
1033 2963 1047 2977 ·
1106 2941 1164 2990 et
1191 2949 1266 2991 ne

647 3044 748 3086 mo
775 3044 979 3086 eorum
1009 3027 1232 3085 munda

647 3129 739 3179 tus
766 3132 855 3178 est
877 3120 988 3178 nisi
1020 3137 1305 3178 neaeman

648 3232 812 3290 syrus
829 3245 843 3260 ·
869 3246 883 3261 ·
906 3245 920 3260 ·
963 3214 1096 3271 ”Et
1119 3214 1319 3291 repleti

648 3319 781 3367 sunt
808 3327 1015 3367 omnes
1045 3310 1105 3367 in
1135 3326 1279 3385 syna

647 3421 805 3480 goga
833 3402 917 3461 ira
937 3402 1083 3461 haec
1112 3403 1250 3461 audi

649 3509 812 3557 entes
836 3528 850 3543 ·
914 3494 958 3530 ²⁹
980 3497 1057 3555 Et
1085 3515 1320 3557 surrexe

647 3602 781 3650 runt
808 3602 866 3650 et
893 3592 1185 3650 eiecerunt

646 3704 784 3745 eum
813 3695 979 3745 extra
1006 3685 1288 3745 ciuitate*
1309 3718 1324 3733 ·

646 3778 723 3839 Et
750 3780 1114 3840 deduxerunt
1144 3779 1306 3838 illum
1330 3811 1344 3826 ·

646 3892 830 3952 usque
860 3873 935 3932 ad
966 3873 1237 3949 supercili

647 3969 800 4027 cium
829 3967 1051 4026 montis
1073 3997 1087 4012 ·
1118 3984 1294 4044 super

646 4081 819 4140 quem
851 4062 1058 4120 ciuitas
1085 4068 1229 4122 eorfi

646 4165 767 4216 erat
794 4155 1063 4215 edificata
1082 4186 1096 4201 ·
1160 4165 1223 4215 ut

646 4250 1096 4326 praecipitarent
1121 4260 1261 4308 eu*-

644 4342 688 4376 ⁸⁰
708 4343 846 4420 Ipse
875 4351 1069 4401 autem
1099 4343 1320 4404 transiit

642 4455 744 4513 per
771 4436 1036 4496 medium
1072 4435 1233 4495 illoru
1263 4447 1321 4497 et

1164 4531 1306 4591 abiit

1390 688 1634 765 galileae
1703 689 1897 766 ibique
1927 687 2005 746 do

1392 784 1562 861 cebat
1589 800 1693 841 eos
1722 782 1978 841 sabbatis
1999 813 2013 828 ·

1392 875 1506 935 ⁸²¹et
1535 879 1845 954 stupebant
1867 878 1926 934 in
1958 876 2072 936 doc

1392 971 1539 1031 trina
1567 971 1691 1029 eius
1714 1001 1730 1017 ·
1795 972 1934 1049 quia
1962 971 2023 1028 in

1393 1075 1680 1143 potestate
1707 1076 1828 1124 erat
1855 1084 1958 1124 uer

1395 1160 1541 1218 bum
1560 1160 1684 1218 eius
1703 1191 1717 1205 ·
1761 1159 1805 1191 ³⁸
1822 1159 1899 1218 Et
1923 1160 1983 1217 in
2008 1178 2074 1237 sy

1393 1271 1628 1330 nagoga
1654 1264 1775 1313 erat
1803 1253 1985 1313 homo

1395 1348 1617 1407 habens
1648 1349 1963 1407 daemonifi

1396 1442 1744 1501 inmundum
1770 1474 1784 1489 ·
1847 1443 1924 1501 Et
1953 1462 2027 1503 ex

1395 1536 1671 1595 clamauit
1699 1554 1848 1596 uoce
1877 1555 2016 1614 mag

1396 1648 1473 1689 na
1513 1630 1801 1689 ⁸*dicens·
1851 1631 1993 1709 quid
2015 1650 2095 1690 no

1396 1724 1487 1783 bis
1515 1736 1572 1784 et
1600 1725 1702 1783 tibi
1732 1724 1828 1782 ihu
1859 1743 2012 1784 nazo

1396 1836 1605 1877 reneae
1629 1849 1644 1864 ·
1705 1817 1933 1877 Uenisti
1955 1830 2054 1896 per

1397 1912 1534 1971 dere
1559 1930 1670 1971 nos
1693 1943 1707 1958 ·
1771 1913 1907 1972 Scio
1937 1924 1995 1974 te

1396 2007 1495 2084 qui
1512 2024 1575 2065 es
1595 2013 1687 2065 scs
1710 2007 1770 2067 di
1794 2039 1808 2053 ·
1851 2008 1896 2040 ³⁶
1913 2009 1991 2067 Et
2009 2009 2073 2066 in

1397 2102 1654 2177 crepauit
1681 2101 1840 2159 illum
1871 2102 1960 2162 ihs

1395 2194 1599 2253 dicens
1661 2195 1934 2256 obmutes

1396 2306 1465 2348 ce
1493 2298 1553 2347 et
1585 2289 1680 2347 exi
1706 2291 1781 2348 ab
1809 2290 1909 2350 illo
1931 2322 1944 2338 ·
1972 2324 2057 2335 —

1396 2635 2092 2713 Etcumproiecissetillii·

1397 2730 1778 2790 daemonium
1806 2733 1947 2792 exiit
1976 2735 2051 2792 ab

1397 2823 1496 2881 illo
1519 2823 1728 2901 nihilqs
1749 2825 1828 2883 illi
1851 2829 2049 2886 nocuit
2072 2860 2086 2875 ·

1398 2916 1517 2976 ”Et
1537 2917 1721 2977 factus
1738 2931 2021 2997 estpauor
2030 2941 2096 2981 su

1397 3030 1504 3088 per
1530 3031 1738 3072 omnes
1761 3045 1775 3060 ·
1819 3015 1896 3073 Et
1924 3018 2099 3077 conlo

1397 3106 1724 3184 quebantur
1752 3110 1828 3168 ad
1857 3111 1977 3169 inui

1398 3219 1528 3259 cem
1564 3202 1824 3263 dicentes
1843 3235 1857 3250 ·
1918 3206 2060 3283 quid

1399 3304 1485 3352 est
1507 3294 1620 3355 hoc
1648 3299 1894 3356 uerbum
1917 3330 1932 3345 ·

1398 3389 1559 3466 quod
1587 3390 1648 3448 in
1676 3401 1960 3467 potestate

1400 3494 1457 3542 et
1485 3484 1692 3544 uirtute
1721 3487 1969 3564 imperat

1400 3577 1693 3638 inmundis
1723 3582 1978 3657 spiritib8

1399 3682 1457 3730 et
1480 3685 1695 3731 exeunt
1715 3706 1729 3721 ·
1773 3675 1818 3708 ³⁷
1827 3677 1904 3734 Et
1923 3678 2081 3737 diuul

1397 3766 1644 3841 gabatur
1671 3767 1827 3827 fama
1857 3771 1929 3830 de
1959 3772 2056 3831 illo

1396 3860 1459 3917 in
1482 3878 1722 3920 ornnem
1752 3862 1945 3922 locum
1975 3869 2097 3944 regi

1398 3955 1531 4013 onis
1552 3987 1566 4000 ·
1589 3987 1601 4001 ·
1623 3956 1667 3988 ⁸⁸
1688 3956 1946 4033 Surgens
1964 3967 2097 4020 aute

1399 4049 1471 4108 de
1503 4067 1806 4128 synagoga
1835 4053 1984 4114 intra

1398 4144 1481 4202 uit
1502 4145 1562 4202 in
1591 4144 1834 4205 domum
1866 4150 2016 4210 simo

1397 4239 1489 4296 nis
1513 4270 1527 4285 ·
1596 4239 1811 4300 Socrus
1839 4248 1971 4303 aute

1396 4333 1973 4397 simonis'tenebatur

1397 4430 1629 4506 magnis
1657 4428 1912 4492 febribus

2194 704 2301 763 per
2328 686 2485 744 illam
2544 686 2769 763 impera

2194 781 2278 838 uit
2307 779 2450 839 febri
2518 790 2576 840 et
2605 781 2746 840 dimi

2196 875 2270 933 sit
2298 874 2453 933 illam
2473 906 2488 921 ·
2550 875 2628 934 Et
2656 877 2816 935 conti

2197 986 2319 1027 nuo
2346 986 2588 1045 surgens
2617 968 2790 1029 minis

2196 1062 2384 1122 trabat
2413 1063 2520 1121 illis
2544 1094 2559 1109 ·
2601 1063 2647 1096 ⁴⁰
2664 1064 2820 1124 Cum

2199 1157 2287 1215 sol
2315 1168 2510 1216 autem
2538 1160 2759 1219 occidis

2200 1260 2288 1309 set
2311 1282 2325 1296 ·
2390 1269 2600 1311 omnes
2629 1254 2728 1331 qui
2756 1254 2835 1314 ha

2199 1346 2417 1404 bebant
2439 1346 2702 1407 infirmos
2721 1379 2737 1395 ·

2199 1440 2376 1498 uariis
2403 1439 2778 1518 languoribus

2202 1533 2493 1593 ducebant
2521 1535 2648 1594 illos
2676 1536 2752 1596 ad
2780 1543 2854 1597 εὖ
2885 1569 2898 1585 ·

2201 1626 2282 1684 At
2312 1626 2401 1685 ille
2432 1629 2673 1706 singulis
2701 1650 2800 1691 ma

2200 1739 2344 1778 num
2375 1722 2668 1798 inponens
2699 1743 2766 1783 sa

2200 1815 2378 1873 nabat
2396 1834 2500 1875 eos
2524 1848 2537 1862 ·
2581 1816 2903 1881 “exiebant

2200 1919 2399 1967 autem
2427 1920 2484 1968 et
2507 1911 2819 1973 daemonia

2201 2022 2239 2061 a
2266 2003 2460 2061 multis
2478 2035 2492 2050 ·
2557 2006 2873 2068 clamantes

2200 2107 2258 2156 et
2286 2097 2543 2157 dicentes
2573 2100 2709 2176 quia
2737 2112 2798 2160 tu

2201 2210 2266 2251 es
2287 2197 2398 2268 xps
2421 2193 2570 2252 filius
2593 2195 2653 2253 di
2676 2226 2691 2241 ·
2733 2196 2812 2256 Et
2840 2199 2901 2256 in

2202 2304 2449 2362 crepans
2478 2306 2598 2347 non
2628 2290 2752 2350 sine

2201 2380 2300 2439 bat
2329 2398 2430 2440 eas
2451 2382 2613 2461 loqui
2633 2415 2647 2431 ·
2707 2387 2847 2464 quia

2202 2476 2466 2536 sciebant
2493 2479 2685 2554 ipsum
2713 2500 2843 2541 esse

2202 2613 2348 2684 xpm
2369 2640 2383 2655 ·
2426 2610 2471 2643 ⁴²
2487 2610 2666 2670 Facta
2686 2618 2821 2673 aute

2205 2703 2300 2761 die
2324 2733 2340 2749 ·
2404 2721 2672 2780 egressus
2701 2708 2823 2767 ibat

2204 2796 2266 2854 in
2291 2797 2580 2857 desertum
2610 2800 2745 2860 locii
2766 2833 2780 2848 ·

2205 2900 2263 2950 et
2292 2892 2492 2951 turbae
2520 2896 2744 2972 require

2204 2986 2348 3044 bant
2377 3004 2514 3044 eum
2539 3018 2552 3034 ·
2625 3000 2682 3048 et
2710 3009 2861 3051 uene

2204 3090 2339 3137 runt
2366 3097 2552 3158 usque
2586 3083 2660 3140 ad
2691 3085 2821 3160 ipsu
2847 3117 2861 3132 ·

2205 3183 2262 3232 et
2284 3175 2610 3234 retinebant
2633 3177 2794 3237 illum

2203 3277 2266 3324 ut
2294 3269 2369 3326 ab
2397 3269 2537 3345 ipsis
2566 3288 2688 3330 non
2719 3274 2878 3333 disce

2206 3362 2369 3421 deret
2393 3395 2407 3408 ·
2450 3363 2495 3396 ⁴³
2518 3364 2753 3438 Quibus
2783 3367 2876 3428 ille

2203 3457 2282 3514 ait
2307 3488 2321 3503 ·
2392 3459 2531 3535 quia
2559 3469 2617 3519 et
2639 3462 2763 3519 aliis
2793 3463 2905 3522 ciui

2202 3551 2414 3610 tatibus
2443 3565 2674 3630 oportet
2700 3574 2796 3615 me

2202 3646 2602 3720 euangelizare
2631 3668 2736 3727 reg

2202 3756 2347 3796 num
2376 3740 2437 3798 di
2460 3772 2475 3787 ·
2534 3743 2671 3819 quia
2693 3745 2767 3804 ad
2788 3745 2904 3806 hoc

2202 3834 2414 3892 missus
2445 3854 2573 3894 sum
2604 3862 2687 3888 m

2323 3953 2785 3984 mmm

2156 4020 2185 4052 *
2205 4023 2250 4054 ⁴⁴
2269 4020 2346 4080 Et
2374 4033 2497 4081 erat
2517 4026 2864 4101 praedicans

2156 4116 2266 4175 *in
2295 4120 2611 4196 synagogis
2638 4121 2755 4197 gali

2155 4211 2183 4243 *
2204 4213 2327 4271 leae
2348 4244 2362 4259 ·

2448 4221 2509 4273 5.
2532 4212 2551 4245 ¹
2571 4213 2748 4272 fatum
2775 4227 2864 4276 est

2203 4317 2396 4367 autem
2425 4326 2562 4367 cum
2591 4310 2793 4370 turbae

2202 4403 2497 4463 inruerent
2519 4405 2578 4462 in
2606 4423 2743 4463 eum
2760 4436 2776 4452 ·

2203 4508 2267 4556 ut
2293 4498 2543 4557 audirent
2570 4501 2755 4559 uerbt‘l
2786 4499 2845 4561 di

2200 4601 2259 4651 et
2287 4592 2411 4669 ipse
2439 4604 2562 4654 erat
2590 4603 2748 4654 stans

2946 688 3031 746 dit
3054 688 3198 749 duas
3228 709 3411 752 naues
3441 705 3533 756 sta

2946 800 3009 841 re
3032 800 3200 844 secus
3227 796 3491 864 stagnu-
3511 821 3528 838 ·

2948 876 3268 952 piscatores
3289 893 3486 943 autem

2949 971 3372 1035 descenderant
3399 987 3458 1037 et

2951 1062 3227 1126 lauabant
3255 1073 3397 1132 retia
3421 1107 3436 1122 ·

2951 1158 2973 1191 ⁸
2994 1158 3344 1224 Ascendens
3373 1176 3506 1230 aute
3535 1171 3627 1231 ihs

2951 1253 3013 1311 in
3043 1273 3255 1316 nauem
3290 1281 3443 1338 quae

2951 1359 3074 1408 erat
3102 1351 3343 1414 simonis
3366 1388 3381 1403 ·
3440 1378 3508 1420 ro

2952 1444 3115 1518 gauit
3143 1464 3278 1506 eum
3306 1461 3370 1510 ut
3395 1452 3538 1514 indu

2953 1548 3150 1597 cerent
3178 1559 3214 1599 a
3235 1554 3384 1604 terra
3412 1547 3487 1605 ali

2952 1634 3299 1708 quantulum
3378 1650 3437 1700 et
3465 1660 3530 1703 se

2955 1724 3102 1785 dens
3140 1728 3388 1792 docebat
3410 1735 3485 1795 de
3512 1753 3592 1798 na

2953 1820 3144 1879 uicula
3172 1826 3369 1886 turbas
3392 1859 3406 1874 ·
3549 1826 3562 1832 ’

2950 1913 2972 1945 ⁴
2991 1912 3074 1974 Ut
3102 1920 3350 1981 cessauit
3379 1931 3572 1984 autem
3594 1926 3654 1986 lo

2952 2008 3053 2085 qui
3073 2039 3087 2054 ·
3159 2011 3304 2072 dixit
3332 2017 3411 2075 ad
3439 2019 3590 2079 simo

2950 2120 3089 2161 nem
3120 2134 3135 2150 ·
3205 2106 3318 2167 duc
3346 2111 3407 2168 in
3436 2113 3618 2173 altum
3637 2146 3653 2163 ·

2950 2205 3008 2254 et
3034 2196 3222 2258 laxate
3257 2204 3396 2262 retia
3423 2224 3527 2265 ues

2955 2301 3042 2349 tra
3068 2292 3131 2350 in
3159 2305 3463 2372 capturam
3482 2331 3497 2346 ·

2951 2382 2975 2416 ⁸
2991 2383 3068 2442 Et
3085 2390 3448 2464 respondens
3471 2394 3657 2455 sim⁰n

2954 2478 3097 2538 dixit
3126 2482 3203 2540 illi
3271 2503 3524 2566 praecep

2952 2620 3044 2670 tor
3111 2632 3217 2690 per
3242 2624 3427 2677 totam
3456 2609 3573 2681 noc

2954 2716 3073 2765 tem
3102 2707 3435 2772 laborantes
3463 2716 3524 2773 ni

2955 2797 3035 2858 hil
3063 2802 3326 2878 cepimus
3385 2808 3491 2866 sed

2956 2892 3016 2951 in
3047 2898 3228 2955 uerbo
3257 2907 3357 2959 tuo
3386 2900 3601 2964 laxabo

2954 2989 3097 3048 retia
3115 3020 3129 3035 ·
3188 2991 3283 3051 ‘et
3311 3012 3446 3054 cum
3476 2996 3595 3058 hoc

2953 3081 3227 3144 fecissent
3254 3090 3465 3149 conclu

2956 3190 3153 3237 serunt
3180 3181 3430 3256 piscium

2955 3272 3383 3335 multitudinem
3417 3282 3554 3357 copi

2955 3383 3121 3424 osam
3145 3399 3161 3414 ·
3231 3374 3559 3448 rumpeban

2955 3469 3046 3516 tur
3073 3471 3267 3520 autem
3296 3466 3436 3523 retia
3464 3485 3539 3526 eo

2954 3570 3082 3610 rum
3106 3584 3120 3599 ·
3162 3554 3259 3614 ‘'et
3287 3553 3614 3622 innuerunt

2956 3647 3129 3704 sociis
3157 3650 3258 3725 qui
3286 3664 3449 3711 erant
3471 3654 3532 3712 in
3561 3673 3599 3714 a

2954 3738 3031 3797 lia
3064 3743 3200 3799 naui
3224 3773 3239 3788 ·
3301 3756 3366 3804 ut
3387 3748 3658 3811 uenirent

2955 3843 3015 3891 et
3041 3835 3382 3898 adiuuarent
3408 3858 3514 3900 eos

2955 3926 3032 3985 Et
3061 3943 3342 3990 uenerunt
3369 3944 3425 3993 et
3453 3935 3634 4013 imple

2954 4034 3165 4081 uerunt
3192 4027 3397 4085 ambas
3425 4046 3504 4088 na

2952 4117 3174 4176 uiculas
3206 4119 3283 4177 ita
3309 4131 3373 4178 ut
3402 4140 3530 4182 mer

2952 4223 3224 4286 gerentur
3245 4244 3259 4259 ·
3305 4214 3326 4246 ⁸
3343 4215 3505 4292 quod

2952 4323 3088 4364 cum
3116 4307 3335 4368 uideret
3357 4311 3553 4371 simon

2951 4413 3151 4477 petrus
3175 4433 3188 4447 ·
3217 4433 3230 4449 ·
3301 4407 3551 4480 procidit

2951 4495 3026 4555 ad
3053 4515 3248 4573 genua
3276 4498 3375 4556 ihu
3409 4499 3612 4562 dicens
3635 4532 3653 4551 ·

2949 4589 3062 4650 Exi
3091 4610 3127 4650 a
3153 4610 3249 4652 me
3272 4593 3386 4653 dr‘1e
3410 4624 3423 4639 ·
3488 4595 3627 4672 quia
