4414 4917
796 322 874 386 18

2077 326 2251 390 SEC
2259 328 2451 390 UND
2483 359 2497 375 ·

3430 331 3821 397 [x¹11.3o-54.

511 510 636 560 ποι.
659 509 748 561 34.
795 499 1101 562 fasciculos
1128 499 1205 557 ad
1233 503 1308 559 cf>
1550 496 1595 531 ³⁶
1614 497 1696 557 Ut
1721 498 2130 576 adimpleretur
2356 490 2526 559 huius
2546 530 2560 546 ·
2620 500 2662 534 ⁴¹
2680 498 2865 556 mittet
3114 495 3388 573 Regnum
3419 495 3715 554 caeloru···
3847 517 3972 566 1¹01.
3997 517 4090 564 85.

792 593 1119 654 burendum
1139 620 1153 635 ·
1549 593 1712 668 quod
1741 592 1962 653 dictum
1992 613 2027 654 e
2356 594 2505 653 filius
2534 594 2788 653 hominis
2818 609 2895 650 an
3113 591 3215 649 reti
3245 590 3431 649 misso
3463 590 3522 648 in
3553 608 3652 648 ma

791 688 1084 748 Triticum
1114 699 1311 747 autem
1550 696 1637 745 rat
1671 706 1774 763 per
1801 687 1967 764 profe
2357 689 2523 764 gelos
2553 706 2693 747 suos
2771 697 2829 746 et
2857 685 2952 745 col
3111 684 3156 741 ri
3181 715 3195 730 ·
3256 684 3419 761 quod
3447 703 3521 743 ex
3549 702 3650 742 om

794 792 1152 858 congregate
1180 781 1241 839 in
1270 780 1370 839 hor
1550 791 1671 839 tam
1699 780 1992 841 dicentem
2013 807 2026 820 ·
2357 782 2537 855 ligent
2565 783 2639 842 de
2668 800 2852 859 regno
3111 796 3187 837 ne
3216 797 3431 855 genere
3463 779 3609 854 pisci

792 895 957 935 reum
986 893 1184 935 meum
1207 901 1263 919 ·-
1549 874 1830 950 Aperiam
1858 875 1918 932 in
1948 893 2090 950 para
2355 877 2479 935 eius
2509 877 2706 936 omnia
2734 894 2875 936 scan
3109 890 3211 930 um
3241 872 3476 948 collegit
3498 904 3512 918 ·

792 970 837 1003 ³¹
854 970 1047 1028 Aliam
1075 969 1410 1045 parabolam
1549 968 1696 1027 bolis
1723 987 1793 1029 os
1820 988 2018 1028 meum
2042 996 2054 1010 ·
2357 971 2488 1030 dala
2561 982 2617 1030 et
2646 989 2747 1030 eos
2774 970 2874 1046 qui
3109 965 3152 998 ⁴⁸
3172 965 3324 1025 Cum
3354 977 3547 1025 autem
3583 973 3736 1024 esset

792 1064 1096 1141 proposuit
1123 1063 1232 1122 illis
1548 1063 1865 1122 eructuabo
1893 1064 2105 1123 abscon
2354 1063 2573 1123 faciunt
2601 1064 2839 1141 iniquita
3107 1059 3408 1135 impletum
3433 1091 3447 1105 ·
3510 1058 3665 1119 edux

793 1158 994 1216 dicens
1017 1183 1030 1197 ·
1093 1157 1238 1217 Simi
1551 1156 1669 1214 dita
1691 1186 1705 1200 ·
1765 1175 1802 1216 a
1828 1156 2118 1216 constituti
2356 1170 2474 1218 tem
2495 1190 2508 1205 ·
2552 1158 2597 1193 ⁴²
2615 1169 2672 1217 et
2700 1160 2929 1216 mittent
3109 1164 3278 1213 erunt
3307 1153 3383 1212 ad
3411 1154 3545 1213 litus
3571 1185 3585 1201 ·

795 1251 848 1310 le
875 1262 962 1310 est
991 1269 1235 1327 regnum
1550 1267 1731 1308 onem
1751 1251 1957 1308 mundi
1978 1277 2038 1294 ·-
2358 1271 2459 1312 eos
2491 1253 2550 1310 in
2585 1252 2880 1311 caminum
3111 1247 3186 1306 Et
3218 1246 3486 1307 sedentes
3513 1245 3679 1323 elege

794 1345 1093 1405 caelorum
1120 1363 1226 1420 gra
1550 1342 1593 1376 ⁸⁸
1612 1343 1786 1403 Tune
1821 1344 2040 1403 dimisis
2068 1354 2158 1404 tur
2356 1348 2506 1424 ignis
2586 1347 2662 1406 ibi
2697 1348 2801 1405 erit
2829 1347 2905 1406 fle
3112 1350 3243 1400 runt
3272 1341 3465 1399 bonos
3493 1341 3553 1398 in
3581 1359 3659 1399 ua

794 1457 878 1498 no
906 1438 1126 1514 sinapis
1154 1437 1303 1516 quod
1549 1437 1641 1496 bis
1670 1438 1805 1496 abiit
1833 1439 1892 1495 in
1922 1439 2102 1498 domu
2356 1452 2448 1500 tus
2476 1450 2534 1500 et
2562 1440 2768 1500 stridor
3111 1437 3191 1494 sis
3270 1453 3455 1511 nugas
3484 1444 3657 1494 aute·-

795 1533 1089 1609 accipiens
1116 1532 1300 1592 homo
1550 1530 1673 1590 ihs·
1734 1530 1810 1589 Et
1838 1551 2045 1592 aecese
2358 1534 2618 1594 dentium
2638 1565 2652 1580 ·
2696 1541 2732 1597 †
2750 1534 2794 1566 ⁴³
2813 1534 2985 1593 Tunc
3113 1528 3250 1587 foris
3279 1529 3554 1587 miserunt
3578 1560 3594 1575 ·

796 1627 1101 1686 seminauit
1129 1627 1187 1683 in
1219 1645 1254 1685 a
1550 1635 1685 1683 runt
1713 1626 1789 1684 ad
1819 1644 1952 1684 eum
1982 1626 2070 1686 dis
2357 1628 2487 1687 iusti
2516 1626 2817 1704 fulgebunt
3111 1623 3156 1655 ⁴⁹
3177 1621 3270 1680 Sic
3300 1622 3404 1681 erit
3430 1622 3488 1679 in
3518 1633 3744 1681 consu-

796 1740 902 1798 gro
932 1738 1039 1779 suo
1060 1747 1073 1760 ·
1118 1719 1335 1796 82quod
1551 1719 1724 1795 cipuli
1753 1720 1875 1778 eius
1903 1720 2073 1779 dicen
2359 1723 2507 1781 sicut
2541 1722 2629 1779 sol
2656 1722 2717 1780 in
2744 1741 2849 1797 reg
3113 1716 3369 1775 matione
3399 1716 3613 1775 saeculi
3638 1748 3652 1762 ·

796 1815 1104 1872 minimum
1133 1824 1222 1872 est
1552 1824 1671 1871 tes·
1732 1831 1937 1872 enarra
1965 1832 2044 1873 no
2360 1833 2440 1874 no
2470 1816 2649 1891 patris
2678 1832 2878 1874 eorum
2901 1845 2915 1860 ·
3114 1808 3371 1868 Exibunt
3400 1810 3589 1886 angeli
3619 1819 3678 1869 et

797 1906 1031 1985 quidem
1062 1908 1263 1966 omniu
1553 1907 1643 1965 bis
1670 1908 2011 1982 parabolam
2363 1909 2481 1981 Qui
2509 1909 2681 1968 habet
2715 1926 2880 1967 aures
3115 1905 3470 1980 separabunt
3495 1922 3594 1963 ma

797 2002 1119 2061 seminum·
1183 1999 1337 2059 Cum
1554 2002 1906 2059 zizaniorum
1934 2003 2089 2077 agri·
2362 2003 2635 2062 audiendi
2667 2004 2891 2061 audiat·
3115 1998 3204 2056 los
3232 1998 3305 2056 de
3335 1998 3530 2057 medio
3559 1998 3648 2056 ius

799 2107 994 2154 autem
1023 2095 1301 2154 creuerit·
1553 2094 1809 2153 ⁸⁷Atihs
1838 2095 2201 2171 respondens
2362 2096 2643 2155 “Iterum
2673 2096 2856 2156 simile
2886 2106 2974 2155 est
3115 2102 3308 2149 torum
3369 2091 3414 2123 ⁶⁰
3431 2102 3488 2150 et
3516 2092 3622 2150 mit

798 2191 985 2247 maius
1018 2189 1082 2248 fit
1111 2188 1273 2247 omni
1555 2188 1697 2247 dixit
1722 2189 1805 2246 eis
1831 2215 1843 2228 ·
1904 2190 2004 2265 qui
2033 2208 2096 2248 se
2363 2208 2609 2265 regnum
2639 2189 2873 2249 caelori‘i
3115 2195 3236 2243 tent
3264 2202 3367 2243 eos
3395 2185 3454 2242 in
3485 2185 3638 2245 cami

798 2285 908 2342 bus
937 2283 1228 2342 holeribus
1557 2283 1738 2340 minat
1766 2283 1989 2343 bonum
2364 2285 2683 2344 thensauro
2711 2286 2813 2342 ab·
3114 2297 3257 2336 num
3290 2278 3443 2354 ignis
3463 2309 3476 2324 ·
3536 2279 3611 2337 ibi
3639 2296 3672 2337 e

799 2416 875 2476 Et
905 2416 969 2476 fit
996 2417 1203 2476 arbor·
1263 2416 1342 2475 ita
1554 2432 1753 2474 semen
1783 2425 1869 2474 est
1898 2414 1934 2473 fi
2363 2415 2630 2477 scondito
2656 2416 2716 2473 in
2746 2433 2887 2491 agro
2909 2447 2924 2461 ·
3115 2412 3184 2470 rit
3213 2410 3381 2471 fletus
3414 2421 3470 2471 et
3499 2413 3597 2471 stri

800 2523 862 2569 ut
889 2511 1154 2569 uolucres
1182 2510 1326 2569 caeli
1554 2508 1665 2567 lius
1693 2509 1942 2568 hominis
1967 2537 1979 2550 ·
2363 2529 2538 2588 quem
2571 2512 2669 2587 qui
2703 2511 2921 2568 inuenit
3116 2505 3223 2565 dor
3252 2507 3509 2565 dentium
3532 2538 3592 2554 ·-

800 2606 1038 2663 ueniant
1069 2636 1082 2650 ·
1112 2615 1169 2663 et
1199 2604 1334 2661 habi
1555 2602 1598 2635 ³⁸
1616 2622 1755 2679 ager
1784 2614 1978 2663 autem
2008 2614 2095 2663 est
2137 2601 2175 2660 h
2363 2605 2543 2664 homo
2571 2604 2876 2663 abscondit
2897 2635 2911 2649 ·
3117 2600 3158 2633 ⁶¹
3180 2599 3333 2659 Dicit
3364 2601 3446 2660 eis
3472 2601 3560 2659 ihs
3587 2601 3725 2660 intel

799 2709 923 2758 tent
951 2699 1009 2756 in
1038 2698 1212 2758 ramis
1239 2698 1363 2756 eius
1556 2697 1650 2756 hic
1679 2696 1931 2756 mundus
1955 2724 1968 2738 ·
2030 2697 2108 2756 bo
2361 2708 2419 2757 et
2447 2716 2582 2774 prae
2613 2699 2828 2774 gaudio
2856 2697 2934 2754 illi
3118 2695 3365 2753 lexsistis
3394 2695 3502 2753 hec
3533 2713 3635 2754 om

798 2792 843 2825 ⁸³
861 2793 1054 2850 Aliam
1081 2791 1418 2868 parabolam
1556 2809 1700 2848 num
1730 2802 1923 2850 autem
1954 2809 2155 2849 semen
2180 2823 2192 2836 ·
2362 2811 2431 2851 us
2460 2792 2632 2851 uadet
2659 2803 2716 2850 et
2745 2793 2841 2849 uni
3119 2789 3214 2846 nia
3238 2819 3251 2834 ·
3313 2788 3512 2847 dicunt
3538 2789 3592 2847 ei

800 2885 1030 2944 locutus
1057 2896 1144 2943 est
1172 2885 1255 2942 eis
1286 2884 1343 2943 di
1558 2883 1617 2941 hi
1652 2894 1787 2942 sunt
1815 2884 1895 2941 fili
1923 2886 2086 2960 regni
2114 2909 2126 2923 ·
2363 2904 2532 2944 uersa
2560 2904 2672 2961 que
2702 2885 2876 2943 habet
3121 2884 3317 2958 utique
3347 2882 3460 2941 dne
3482 2914 3495 2928 ·
3541 2881 3585 2915 ⁶²
3602 2892 3659 2940 et

803 2996 978 3037 cens·
1039 2977 1235 3036 Simile
1256 2988 1345 3036 est
1558 2977 1778 3035 zizania
1804 2986 1998 3035 autem
2362 2979 2574 3038 uendet
2652 2990 2708 3037 et
2736 2989 2891 3038 emet
3121 2977 3198 3035 ait
3226 2977 3336 3034 illis
3415 2975 3560 3036 Ideo
3587 2995 3687 3035 om

801 3089 1049 3147 regnum
1078 3072 1350 3130 caeloru-
1370 3099 1383 3112 ·
1558 3070 1655 3127 filii
1686 3080 1818 3129 sunt
1844 3071 2113 3146 maligni·
2365 3091 2570 3148 agrum
2602 3072 2762 3130 illum
2788 3104 2802 3118 ·
3122 3071 3210 3128 nis
3245 3070 3431 3128 scriba
3460 3069 3574 3128 doc

803 3163 1087 3224 fermento
1109 3192 1121 3204 ·
1184 3165 1344 3241 quod
1557 3162 1600 3196 ⁸⁹
1620 3162 1897 3222 Inimicus
1924 3174 2119 3222 autem
2365 3167 2410 3199 *ὅ
2429 3167 2645 3225 Iterum
2675 3166 2861 3224 simile
2890 3176 2977 3223 est
3121 3175 3212 3222 tus
3242 3164 3300 3220 in
3330 3181 3513 3239 regno
3542 3181 3646 3221 cae

803 3268 1113 3334 acceptum
1143 3258 1280 3316 muli
1556 3258 1655 3333 qui
1683 3258 1984 3315 seminauit
2011 3276 2117 3316 ea·
2365 3277 2611 3335 regnum
2641 3260 2935 3318 caeloru··
3119 3258 3313 3316 lorum
3338 3290 3349 3303 ·
3406 3257 3616 3317 Similis

803 3371 868 3411 er
895 3351 1201 3410 abscondit
1229 3353 1291 3410 in
1556 3361 1641 3409 est
1670 3350 1936 3409 diabolus
1960 3377 1971 3390 ·
2039 3369 2163 3408 mes
2365 3353 2587 3411 homini
2617 3353 2814 3426 negoti
3119 3363 3207 3411 est
3236 3351 3457 3411 homini
3486 3353 3631 3427 patri

804 3445 1048 3505 farinam
1078 3446 1262 3504 mensi
1558 3446 1636 3504 sis
1664 3463 1804 3503 uero
1865 3462 2110 3503 consum
2365 3449 2480 3505 anti
2510 3447 2771 3524 querenti
3120 3445 3362 3503 familias
3390 3446 3491 3520 qui

802 3542 910 3599 bus
938 3540 1115 3599 tribus
1175 3541 1254 3599 do
1556 3539 1736 3598 matio
1766 3538 1980 3597 saeculi
2009 3548 2127 3596 est·
2365 3542 2549 3600 bonas
2578 3541 2824 3615 margati
3120 3539 3334 3615 profert
3364 3539 3436 3598 de
3465 3540 3633 3597 thens

800 3653 911 3694 nec
942 3633 1287 3693 fermentati}
1555 3650 1813 3692 mesores
1842 3642 2037 3690 autem
2364 3644 2452 3693 tas
2472 3666 2485 3680 ·
2529 3636 2572 3667 ⁴⁸
2588 3635 2685 3710 qui
2713 3636 2904 3692 inueta
2932 3651 2972 3690 u
3120 3652 3261 3694 auro
3296 3651 3403 3693 suo
3433 3652 3590 3692 noua

801 3739 890 3787 est
916 3738 1102 3788 totum
1122 3754 1222 3778 -m
1556 3727 1750 3802 angeli
1779 3736 1915 3785 sunt
1972 3726 2016 3756 ⁴⁰
2039 3723 2198 3784 Sicut
2364 3746 2441 3785 na
2469 3730 2720 3803 pretiosa
2747 3746 2872 3785 mar
3119 3739 3175 3786 et
3204 3741 3402 3787 uetera
3425 3759 3439 3773 ·
3462 3722 3562 3773 ·”·‘5

801 3821 1025 3881 ²“Haec
1041 3820 1490 3880 omnialocutus
1559 3838 1700 3897 ergo
1729 3820 2079 3895 colliguntur
2361 3822 2543 3897 garita
2567 3853 2580 3866 ·
2645 3822 2780 3879 abiit
2846 3832 2903 3880 et
3076 3819 3105 3852 *
3123 3821 3166 3853 ⁶³
3184 3820 3262 3879 Et
3289 3821 3506 3879 factum
3531 3832 3619 3879 est
3648 3839 3786 3880 cum

803 3926 892 3975 est
918 3915 1008 3974 ihs
1036 3917 1096 3973 in
1125 3915 1345 3992 parabo
1559 3915 1778 3973 zizania
1806 3923 1862 3972 et
1890 3915 1949 3971 in
1981 3914 2114 3989 igne
2360 3916 2619 3974 uendidit
2648 3916 2846 3974 omnia
3075 3913 3104 3946 *
3122 3923 3584 3972 consummasset

803 4010 872 4069 lis
900 4028 936 4069 a
961 4012 1156 4068 turbas
1176 4036 1189 4050 ·
1252 4018 1310 4068 et
1339 4009 1385 4068 si
1558 4010 1974 4068 comburuntur
1998 4037 2011 4052 ·
2362 4027 2512 4085 quae
2541 4009 2740 4067 habuit
2769 4018 2825 4067 et
2853 4027 2886 4067 e
3075 4006 3103 4038 *
3122 4008 3210 4065 ihs
3244 4007 3549 4083 parabolas

3117 4102 3256 4159 istas
3281 4132 3294 4146 ·
3357 4101 3569 4159 trassiit
3602 4101 3662 4159 in

3120 4195 3193 4254 de
3217 4225 3230 4240 ·
3284 4194 3328 4227 ⁶⁴
3344 4204 3400 4254 et
3428 4195 3668 4254 ueniens

2362 4104 2469 4161 mit
2496 4102 2650 4160 illam
2676 4134 2689 4148 ·
2731 4103 2774 4135 ⁴⁷
2799 4102 2885 4162 Ite

2362 4214 2490 4255 rum
2521 4197 2703 4255 simile
2735 4206 2823 4256 est

1559 4101 1654 4160 Sic
1684 4102 1789 4159 erit
1816 4102 1876 4158 in
1906 4116 2153 4160 consum

1556 4196 1811 4254 matione
1841 4194 2051 4254 saeculi

806 4123 881 4163 ne
909 4104 1199 4180 parabolis
1220 4122 1342 4163 non

804 4196 1148 4273 loquebatur
1179 4196 1263 4255 eis
