4414 4917
902 420 1043 487 xlvi
1893 410 2628 476 INTRODUCTION.

905 593 1148 653 Selected
1166 594 1433 671 readings
1459 593 1579 652 and
1594 591 1922 668 renderings
1942 590 2002 647 in
2019 586 2205 646 which
2308 583 2551 645 Selected
2570 582 2837 657 readings
2861 580 2985 639 and
2996 579 3326 654 rendering-t
3344 580 3407 637 in
3421 578 3612 638 which

1149 692 1178 750 f
1197 710 1238 770 q
1265 693 1433 772 ἄψιν
1434 692 1606 771 from
1632 691 1765 751 each
1792 689 1961 749 other.
2552 681 2582 741 f
2601 699 2642 759 q
2659 701 2759 740 are
2777 680 2985 757 agreed
3001 680 3236 755 against
3247 678 3400 737 otker
3417 677 3610 737 Euro·

2545 791 2691 859 pean
2719 785 2884 838 texts.

905 903 1079 968 Mark
1107 905 1142 964 i.

955 1025 1047 1082 39.
1090 1006 1345 1081 itemque
1381 1002 1657 1063 demonia
1699 999 1995 1079 expellens
2029 999 2062 1059 b
2101 1020 2154 1075 q,
2183 1017 2212 1054 e

1311 1098 1437 1182 (et).

1230 1211 1288 1261 et
1308 1201 1619 1261 daemonia
1646 1200 1861 1260 eiciens
1888 1220 1925 1258 a
1953 1199 1997 1256 d
1995 1198 2063 1277 s
2072 1198 2206 1256 Am.

951 1318 1046 1378 45.
1088 1299 1393 1359 manifeste
1423 1300 1467 1357 d
1484 1319 1511 1356 e
1536 1318 1572 1376 q
1600 1298 1739 1359 Am.

1230 1397 1426 1475 palam
1455 1416 1493 1456 a
1521 1397 1627 1474 bf.

908 1497 963 1557 ii.
1003 1515 1050 1555 1.
1096 1497 1255 1557 uenit
1282 1495 1333 1568 b,
1364 1493 1573 1574 (benit)
1600 1516 1628 1553 e
1655 1515 1706 1572 q.

1232 1595 1526 1654 introisset
1553 1613 1606 1653 a.

1234 1694 1470 1753 intrauit
1497 1695 1543 1752 d
1547 1694 1615 1772 f
1625 1693 1757 1754 Am.

995 1813 1045 1852 2.
1089 1793 1162 1853 ad
1189 1810 1291 1854 eos
1320 1793 1353 1851 b
1379 1812 1430 1870 q.

1233 1891 1311 1952 ad
1339 1891 1467 1952 illos
1493 1891 1547 1950 d.

1233 1992 1318 2050 eis
1322 1992 1390 2070 f
1398 1989 1531 2049 Am.

1232 2089 1343 2148 illis
1370 2109 1407 2147 a
1434 2109 1475 2146 e.

993 2209 1049 2263 4.
1092 2187 1365 2248 accedere
1393 2208 1431 2246 a
1459 2188 1492 2246 b
1519 2188 1562 2245 d
1581 2207 1610 2244 e
1635 2206 1687 2263 q.

1127 2361 1130 2364 ⁴
1236 2286 1519 2364 offerres
1532 2286 1667 2344 Am.

1092 2405 1195 2445 om.
1223 2396 1282 2445 et
1310 2385 1722 2465 patefacientes
1753 2403 1792 2442 a
1818 2383 1851 2443 b
1879 2385 1923 2441 d
1941 2404 1969 2441 e
1994 2403 2045 2462 q.

1167 2496 1221 2553 4-
1237 2496 1293 2544 et
1319 2484 1728 2563 patefacientes
1732 2484 1800 2562 f
1810 2483 1944 2542 Am.

1092 2584 1463 2644 dimisserunt
1488 2603 1526 2643 a
1552 2583 1599 2640 d
1616 2602 1668 2660 q.

955 2744 961 2750 ,
1234 2683 1648 2742 summiserunt
1675 2682 1708 2742 b
1736 2679 1978 2759 efAm.

995 2797 1047 2857 5.
1092 2781 1333 2841 remissa
1362 2792 1493 2841 sunt
1522 2782 1554 2839 b
1581 2800 1632 2858 q.

1234 2879 1470 2939 dimissa
1498 2880 1703 2958 suntsi

1235 2977 1596 3038 dimittuntur
1624 2980 1668 3037 d
1685 2979 1819 3038 Am.
1844 2976 2022 3056 (rem-
2049 2998 2086 3037 a
2113 2977 2181 3055 e).

996 3080 1050 3135 8.
1091 3093 1211 3154 quo
1252 3078 1491 3154 cognito
1532 3077 1620 3137 ihs
1660 3078 1721 3136 in
1764 3082 1874 3153 spu
1905 3079 1937 3136 b
1974 3077 2020 3135 d
2046 3095 2082 3153 q
2124 3073 2228 3155 (cf

1322 3176 1454 3237 Am.
1483 3193 1601 3253 quo
1631 3177 1824 3235 statim
1853 3176 2093 3254 cognito
2121 3175 2212 3235 ihs

1317 3275 1520 3352 spiritu
1548 3271 1700 3353 suo).

1236 3376 1397 3455 quod
1446 3376 1641 3434 statim
1696 3389 2066 3451 cognoscens
2119 3372 2210 3432 ihs

1316 3466 1521 3548 spiritu
1553 3486 1660 3529 suo
1675 3468 1745 3549 f.

1236 3580 1296 3628 et
1369 3569 1650 3629 continuo
1725 3582 2052 3650 agnoscens
2119 3565 2212 3626 ihs

1315 3667 1517 3746 spiritu
1541 3687 1584 3725 e.

1236 3777 1296 3827 et
1364 3784 1501 3827 cum
1570 3763 1944 3842 cognouisset
1996 3762 2087 3823 ihs
2147 3763 2209 3822 in

1314 3864 1516 3942 spiritu
1543 3883 1598 3923 a.

1091 3963 1230 4043 quid
1259 3964 1583 4042 cogitarent
1611 3962 1644 4023 b
1669 3981 1698 4021 e
1722 3981 1772 4039 q.

1234 4061 1396 4140 quod
1425 4079 1555 4138 cog.
1582 4081 1637 4135 a,
1668 4059 1829 4140 quod
1857 4060 1935 4119 ita
1961 4059 2167 4136 cog.j2

1237 4159 1398 4238 quod
1435 4160 1518 4219 sic
1552 4177 1683 4236 cog.
1712 4159 1765 4231 d,
1793 4157 1932 4236 quia
1958 4157 2041 4218 sic
2075 4175 2207 4234 cog.

1316 4259 1448 4316 Am.
