4414 4917
2129 322 2369 386 SECD
2390 356 2406 375 ο
3296 331 3413 396 [xl.
3436 335 3668 398 47—111.
3693 348 3770 385 22.

764 333 849 398 92

462 501 588 550 ποι.
608 501 725 551 121.
767 492 1107 551 occiderunt
1133 490 1263 553 illos
1286 524 1301 540 ·

768 586 813 620 ⁴⁸
828 587 990 663 Ergo
1019 587 1352 647 testimonifi

766 679 1081 759 perhibetis
1149 699 1272 739 non

769 775 1206 840 consentientes,

769 868 1042 944 operibus
1069 879 1288 946 patru-

771 970 1096 1021 uestrorum
1120 993 1135 1009 ·
1204 969 1346 1039 qiim

771 1053 851 1112 illi
878 1055 1115 1130 quidem
1144 1057 1347 1116 occide

3074 507 3175 557 aut
3197 498 3510 558 diuisorem
3541 518 3609 558 su
3799 502 3924 551 ποι.
3948 502 4076 552 122.

3073 610 3179 668 per
3212 611 3322 652 uos
3346 624 3360 639 ·
3402 593 3448 625 ¹⁵
3467 593 3626 652 Dixit
3653 611 3730 653 au

3073 696 3193 744 tem
3223 686 3300 745 ad
3326 705 3432 746 eos
3501 688 3692 748 uidete

3073 791 3131 839 et
3159 790 3361 839 cauete
3390 783 3464 840 ab
3493 783 3655 841 omni

3076 874 3314 932 auaritia
3338 904 3353 920 ·
3424 875 3560 951 quia
3588 893 3714 934 non

3075 966 3137 1024 in
3167 967 3522 1025 abundantia
3548 970 3714 1028 cuius

3076 1078 3255 1137 quam
3281 1061 3401 1119 uita
3429 1063 3551 1121 eius
3579 1071 3668 1121 est

3076 1172 3150 1213 ex
3179 1152 3266 1212 his
3294 1172 3447 1231 quae
3475 1156 3736 1233 possidet

3075 1246 3117 1279 ¹⁶
3135 1247 3297 1306 Dixit
3323 1259 3519 1307 autem
3547 1250 3777 1308 similitu

3079 1342 3276 1401 dinem
3305 1343 3380 1401 ad
3414 1343 3544 1402 illos
3574 1344 3776 1403 dicens

3080 1434 3359 1495 Hominis
3388 1437 3694 1497 cuiusdam

3078 1529 3264 1588 diuitis
3292 1531 3500 1591 uberes

3076 1622 3293 1681 fructus
3321 1624 3504 1683 attulit
3532 1642 3612 1701 po

3076 1716 3260 1775 sessio
3322 1716 3366 1749 ¹⁷
3384 1727 3441 1775 et
3469 1713 3750 1794 cogitauit

3075 1810 3225 1868 intra
3254 1827 3316 1868 se
3347 1810 3551 1870 dicens

3077 1903 3215 1980 quid
3244 1903 3456 1963 faciam
3517 1904 3678 1983 quod

3076 2014 3199 2056 non
3228 1997 3417 2058 habeo
3444 2017 3563 2076 quo
3593 2016 3708 2059 con

3076 2108 3316 2167 gregem
3345 2091 3567 2151 fructus
3595 2111 3693 2152 me

3077 2202 3147 2244 os
3173 2216 3187 2231 ·
3237 2184 3282 2217 ¹⁸
3298 2185 3376 2243 Et
3404 2185 3545 2245 dixit
3575 2186 3690 2246 hoc
3718 2186 3778 2248 fa

2326 516 2525 558 coram
2554 498 2633 558 (16
2664 531 2677 545 ·
2721 498 2745 532 ”
2766 498 2883 559 Sed

2326 602 2385 652 et
2412 593 2603 669 capilli
2632 594 2840 671 capitis

2322 687 2495 745 uestri
2523 705 2731 746 omnes

2324 782 2609 840 numerati
2631 792 2766 840 sunt
2785 813 2800 828 ·

2326 874 2506 934 nolite
2533 894 2676 951 ergo
2705 876 2845 935 time

2323 987 2384 1028 re
2452 968 2648 1029 multis
2669 988 2841 1047 passe

2323 1064 2480 1121 ribus
2507 1063 2685 1140 pluris
2706 1065 2843 1124 estis

2325 1157 2347 1189 ⁸
2365 1156 2517 1216 Dico
2545 1167 2740 1217 autem
2768 1159 2936 1218 uobis

2321 1252 2514 1311 omnis
2543 1252 2860 1330 quicumqss

2324 1344 2627 1405 confessus
2653 1346 2821 1407 fuerit

2326 1440 2386 1497 in
2409 1457 2505 1498 me
2533 1457 2732 1498 coram
2763 1440 2925 1501 homi

2326 1534 2497 1593 nibus
2520 1564 2535 1580 ·
2605 1534 2684 1592 Et
2712 1534 2862 1594 filius

2326 1627 2580 1688 hominis
2609 1628 2824 1687 confite

2327 1722 2479 1780 bitur
2507 1722 2566 1779 in
2594 1721 2693 1780 illo
2723 1728 2862 1781 cora

2327 1816 2547 1892 angelis
2577 1816 2637 1874 dr
2660 1847 2674 1863 ·
2734 1816 2757 1848 ⁹
2775 1816 2892 1889 Qui
2924 1835 2998 1876 au

2326 1921 2447 1968 tem
2475 1911 2772 1987 negauerit
2803 1929 2897 1970 me

2324 2022 2526 2063 coram
2552 2004 2886 2064 hominibus
2908 2035 2923 2051 ·

2326 2098 2628 2174 negabitur
2657 2108 2713 2158 et
2738 2100 2862 2175 ipse

2326 2210 2527 2251 coram
2554 2193 2775 2269 angelis
2804 2192 2863 2251 di

1517 495 1923 554 occassionem
1952 494 2026 555 ali

1519 607 1698 666 quam
1728 590 1986 650 inuenire
2014 591 2091 651 de

1519 683 1618 741 illo
1647 693 1710 742 ut
1735 702 1871 743 eum
1901 703 2114 745 accusa

1519 787 1670 835 rent·
1689 810 1730 824 ··
1761 783 1856 837 12.
1877 778 2109 838 ¹Multis
2127 798 2201 839 au

1519 883 1640 931 tem
1667 872 1848 931 turbis
1877 873 2096 932 circum

1519 965 1800 1024 stantibus
1824 997 1839 1013 ·
1908 967 1988 1025 ita
2014 975 2079 1025 ut

1523 1076 1585 1117 se
1613 1058 1864 1118 inuicem
1887 1060 2097 1120 concul

1524 1163 1724 1212 carent
1746 1184 1761 1199 ·
1832 1155 2026 1231 coepit

1523 1245 1716 1305 dicere
1743 1246 1818 1306 ad
1847 1247 2071 1324 discipu

1526 1337 1615 1398 los
1638 1371 1653 1385 ·
1724 1340 1973 1416 primum
2003 1341 2078 1399 ad

1525 1433 1745 1493 tendite
1773 1453 1809 1493 a
1835 1434 2060 1494 fermen

1525 1538 1588 1587 to
1617 1527 1990 1588 farisaeorum

1525 1639 1674 1697 quae
1702 1631 1790 1680 est
1817 1621 2140 1699 hypocrisis
2165 1654 2178 1668 ·

1522 1711 1546 1745 ²
1566 1713 1726 1772 Nihil
1753 1725 1948 1774 autem
1976 1722 2179 1791 opertu

1522 1818 1612 1868 est
1638 1809 1800 1884 quod
1827 1827 1950 1867 non
1978 1826 2113 1867 reue

1522 1901 1671 1962 letur
1693 1934 1708 1948 ·
1772 1920 1963 1979 neque
1992 1902 2160 1962 occul

1523 2005 1648 2053 tum
1677 1996 1837 2072 quod
1867 2014 1988 2054 non
2016 1996 2138 2055 scia

1523 2099 1615 2147 tur
1634 2120 1648 2135 ·
1692 2090 1713 2120 ⁸
1734 2095 1876 2166 qiim
1907 2091 2138 2166 quaein

1521 2182 1772 2242 tenebris
1798 2183 2021 2242 dixistis
2041 2214 2055 2229 ·

775 1157 911 1206 runt
937 1167 1041 1208 eos
1110 1148 1239 1209 Uos
1262 1168 1336 1208 au

774 1250 892 1299 tem
914 1240 1228 1301 aedificatis
1255 1244 1294 1301 11

773 1333 964 1393 lorum
992 1350 1311 1396 monumen

774 1437 835 1487 ta
857 1460 872 1476 ·
914 1430 960 1462 ⁴⁹
976 1429 1122 1489 Ideo
1150 1440 1207 1490 et
1235 1431 1359 1507 sapi

774 1523 931 1584 entia
953 1523 1012 1581 di
1036 1524 1181 1583 dixit
1234 1526 1338 1584 mit

776 1627 839 1678 to
866 1620 927 1675 in
955 1617 1085 1677 illos
1114 1619 1277 1695 profe

776 1721 865 1771 tas
891 1721 950 1771 et
977 1713 1277 1789 apostolos

775 1814 834 1865 et
861 1825 934 1865 ex
964 1806 1071 1865 illis
1098 1808 1370 1867 occident

774 1909 831 1957 et
857 1910 1238 1978 persecuntur
1268 1933 1283 1949 ·

774 1992 822 2026 ⁶⁰
838 2004 902 2052 ut
927 1995 1242 2072 inquiratur
1271 2013 1379 2055 san

772 2089 905 2163 guis
932 2090 1197 2148 omnium
1226 2108 1334 2166 pro

774 2181 1019 2241 setarum
1044 2184 1146 2259 qui
1173 2183 1237 2242 es

775 2277 974 2337 fussus
1001 2287 1090 2337 est
1158 2296 1194 2336 a
1221 2278 1411 2337 consti

773 2372 994 2431 tutione
1022 2372 1227 2431 mundi
1254 2391 1324 2430 us

774 2485 926 2544 quae
953 2467 1028 2526 ad
1056 2467 1355 2543 generatio

773 2615 912 2657 nem
940 2598 1110 2657 istam
1135 2630 1150 2645 ·
1194 2597 1237 2631 ⁶¹
1255 2599 1311 2658 A
1339 2617 1446 2657 san

772 2693 948 2769 guine
977 2692 1147 2752 habel
1175 2705 1350 2770 u⁸que

774 2789 851 2848 ad
879 2789 1221 2863 sanguinem
1253 2787 1431 2846 zacha

776 2883 897 2942 riae
967 2884 1064 2959 qui
1094 2882 1260 2957 periit
1288 2881 1350 2938 in

776 2986 860 3034 ter
887 2975 1063 3034 altare
1091 2983 1149 3033 et
1176 2974 1384 3032 aedem

777 3056 869 3115 Ita
898 3056 1030 3115 dico
1059 3056 1228 3114 uobis
1286 3056 1446 3131 requi

772 3160 929 3209 retur
955 3152 1028 3209 ab
1058 3149 1169 3208 hac
1198 3167 1351 3224 gene

776 3245 1002 3304 ratione
1024 3275 1038 3290 ·
1060 3275 1075 3291 ·
1097 3276 1111 3291 ·
1154 3242 1199 3277 ⁶²
1217 3243 1345 3303 Uae
1372 3261 1452 3303 uo

772 3339 867 3398 bis
889 3338 1227 3416 legisperitis

772 3434 909 3512 quia
935 3433 1292 3494 absconditis

770 3529 968 3588 claues
1005 3528 1276 3587 scientiae

772 3634 831 3683 et
857 3623 967 3699 ipsi
995 3641 1118 3681 non
1143 3620 1347 3680 introis

775 3718 848 3776 tis
872 3748 886 3763 ·
956 3716 1034 3774 Et
1061 3734 1163 3774 eos
1191 3716 1289 3798 qui
1317 3715 1469 3774 intro

770 3811 934 3869 ibant
972 3808 1345 3885 prohibuistis
1386 3842 1471 3853 —

768 3903 978 3963 ¹‘²’Cum
1001 3903 1147 3962 haec
1165 3902 1240 3961 ad
1261 3902 1391 3962 illos
1407 3903 1468 3963 di

770 4007 926 4058 ceret
975 4014 1174 4056 coram
1203 4014 1304 4054 om

775 4093 835 4150 ni
865 4091 1035 4169 plebe
1059 4122 1073 4137 ·
1146 4108 1332 4165 coepe

770 4195 904 4244 runt
920 4184 1146 4245 farisaei
1174 4192 1230 4243 et
1251 4182 1306 4241 le

774 4278 1024 4355 gisperiti
1053 4276 1204 4335 male
1235 4276 1387 4336 habe

770 4391 832 4432 re
857 4402 870 4417 ·
935 4371 1014 4428 Et
1046 4370 1346 4428 committe

768 4484 831 4525 re
859 4482 992 4523 cum
1020 4463 1116 4521 illo
1147 4463 1220 4522 de
1248 4463 1367 4521 mul

768 4560 842 4619 tis
902 4559 1311 4635 ⁶⁴quaerentes

1523 2277 1584 2334 in
1613 2275 1741 2333 luce
1770 2276 2077 2335 audientur
2097 2307 2111 2322 ·

1524 2377 1582 2427 et
1608 2368 1770 2446 quod
1799 2370 1859 2428 in
1889 2388 2026 2428 aure
2055 2369 2116 2429 lo

1522 2463 1639 2522 cuti
1669 2464 1806 2522 estis
1834 2463 2070 2540 predica

1523 2594 1674 2653 bitur
1703 2611 1879 2669 super
1905 2604 2058 2654 tecta

1520 2687 1677 2746 enim
1705 2687 1874 2746 uobis
1940 2687 1962 2719 ⁴
1979 2688 2115 2748 dico

1525 2781 1683 2839 enim
1710 2780 1880 2840 uobis
1908 2782 2024 2840 ami
2098 2806 2106 2812 ·

1525 2873 1610 2932 cis
1636 2875 1783 2933 meis
1851 2892 1927 2933 ne
1954 2884 2103 2934 terre

1525 2967 1701 3026 amini
1730 2969 1804 3026 ab
1833 2968 1925 3026 his
1958 2970 2058 3046 qui

1526 3059 1801 3118 occidunt
1829 3079 2044 3138 corpus
2065 3094 2078 3109 ·

1526 3163 1584 3212 et
1613 3163 1748 3229 post
1774 3153 1920 3213 haec
1949 3173 2070 3213 non
2100 3155 2176 3214 113

1525 3247 1667 3305 bent
1695 3248 1944 3323 amplius

1524 3340 1684 3418 quod
1713 3340 1926 3401 faciant
1948 3373 1963 3389 ·
1982 3374 2060 3389 -·

1524 3434 1546 3466 ⁵
1566 3432 1896 3493 Ostendam
1925 3447 2121 3495 autem

1522 3528 1690 3587 uobis
1718 3546 1895 3606 quem
1921 3530 2059 3589 time

1523 3625 1630 3681 atis
1654 3654 1668 3668 ·
1733 3624 1932 3683 timete
1961 3635 2085 3683 eu-

1522 3718 1621 3793 qui
1650 3728 1964 3795 postquam
1998 3737 2072 3778 oc

1521 3811 1659 3869 cidit
1686 3811 1862 3870 habet
1887 3822 2058 3887 potes

1520 3913 1696 3963 tatem
1726 3905 1951 3964 mittere
1981 3906 2041 3965 in

1516 3997 1849 4076 gehennam
1873 4029 1887 4044 ·
1959 4000 2124 4059 etia·-

1520 4092 1653 4150 dico
1686 4091 1855 4150 uobis
1883 4092 2018 4152 huic
2046 4094 2086 4152 ti

1519 4196 1673 4245 mete
1695 4217 1708 4231 ·
1753 4187 1775 4218 ⁶
1797 4185 2015 4245 Nonne

1518 4280 1775 4357 quinque
1803 4298 2068 4356 passeres

1519 4382 1778 4431 ueneunt
1807 4373 2007 4450 depon

1521 4464 1620 4525 dio
1690 4476 1747 4524 et
1768 4484 1917 4525 unus
1941 4486 2014 4526 ex
2043 4467 2151 4526 illis

1520 4577 1641 4618 non
1670 4561 1838 4620 estin
1866 4560 2158 4621 obliuione

2322 2284 2368 2318 ¹⁰
2383 2285 2460 2344 Et
2486 2286 2681 2345 omnis
2708 2285 2807 2363 qui
2836 2285 2972 2346 dicit

2324 2382 2568 2439 uerbum
2597 2381 2656 2439 in
2687 2380 2805 2438 filiu

2328 2474 2586 2534 hominis
2614 2475 2839 2533 remitte

3076 2278 3229 2337 ciam
3252 2309 3268 2326 ·
3340 2279 3634 2339 destruam

3077 2370 3282 2431 horrea
3308 2390 3443 2433 mea
3469 2383 3528 2432 et
3554 2391 3655 2432 ma

3074 2467 3198 2525 iora
3228 2466 3437 2526 faciam
3466 2487 3541 2528 ea
3564 2499 3579 2515 ·
3650 2477 3710 2527 et
3736 2469 3777 2528 11

2328 2615 2421 2664 tur
2449 2606 2502 2663 ei
2525 2636 2539 2651 ·
2611 2605 2672 2663 in
2699 2609 2809 2681 spu
2831 2613 3027 2664 autem
3076 2595 3171 2656 luc
3201 2600 3578 2674 congregabo

2330 2706 2434 2758 sco
2462 2699 2562 2776 qui
2591 2699 2796 2758 dixerit
2824 2717 2947 2758 non

2329 2793 2642 2852 remittetur
2671 2794 2725 2852 ei

2330 2885 2369 2919 ¹¹
2393 2884 2543 2944 Cum
2575 2897 2767 2944 autem
2788 2886 3004 2945 ducent

2329 2998 2439 3039 uos
2468 2980 2529 3037 in
2558 2980 2874 3055 synagogis
2897 2990 2955 3039 et

2328 3073 2403 3132 ad
2432 3074 2800 3149 magistrates
2829 3082 2888 3132 et

2327 3177 2642 3245 potestates
2710 3167 2888 3226 nolite

2329 3262 2556 3321 solliciti
2584 3280 2712 3321 esse
2782 3279 2897 3339 qua

2328 3356 2452 3414 liter
2480 3355 2839 3432 resspondea

2328 3451 2403 3510 tis
2472 3460 2572 3509 aut
2600 3450 2740 3528 quid
2770 3449 2973 3510 dicatis
2993 3482 3006 3496 ·

2327 3542 2371 3575 ¹²
2385 3549 2488 3621 sps
2515 3544 2672 3603 enim
2702 3551 2794 3603 scs
2823 3544 2972 3603 doce

2327 3639 2410 3697 bit
2437 3656 2548 3697 uos
2576 3638 2634 3696 in
2664 3639 2792 3714 ipsa
2819 3637 2964 3696 hora

2325 3751 2476 3810 quae
2505 3740 2772 3808 oporteat
2805 3732 2863 3791 di

2428 3852 2510 3877 -e-
2543 3844 2671 3885 cere
2700 3851 2783 3878 m

2278 3921 2307 3953 *
2328 3920 2370 3955 ¹³
2388 3920 2552 3980 Dixit
2579 3931 2772 3979 autern
2806 3920 2859 3978 ei
2887 3921 2986 3997 qui

2278 4015 2307 4048 '⁸‘
2329 4015 2466 4074 dam
2496 4013 2758 4074 deturba
2787 4032 2887 4074 ma

2276 4108 2305 4141 *
2327 4110 2503 4186 gister
2521 4139 2536 4153 ·
2591 4107 2685 4166 dic
2716 4108 2801 4166 fra

2323 4204 2393 4263 tri
2422 4219 2556 4261 meo
2584 4212 2647 4259 ut
2676 4201 2966 4262 diuidebat

2324 4313 2556 4354 mecum
2587 4294 2900 4355 hereditate

2323 4387 2366 4420 ¹⁴
2384 4387 2465 4447 At
2485 4388 2579 4447 ille
2608 4389 2749 4447 dixit
2777 4391 2865 4449 ei·
2927 4390 3006 4450 ho

2323 4488 2424 4530 mo
2447 4502 2462 4516 ·
2533 4472 2663 4546 quis
2691 4489 2788 4531 me
2817 4474 3006 4533 consti

2323 4565 2429 4625 tuit
2457 4565 2703 4625 iudicem

3079 2690 3279 2750 omnia
3309 2709 3460 2768 quae
3488 2701 3628 2751 nata

3078 2794 3216 2844 sunt
3244 2785 3384 2842 mihi
3404 2817 3419 2831 ·
3463 2786 3506 2819 ¹⁹
3524 2797 3582 2846 et
3611 2786 3743 2846 dica

3078 2879 3272 2938 anime
3301 2897 3470 2938 meae
3537 2880 3637 2938 ani

3080 2990 3180 3030 rna
3199 3004 3213 3018 ·
3284 2971 3468 3031 habes
3500 2973 3684 3033 multa

3079 3066 3236 3124 bona
3262 3066 3453 3143 posita
3478 3067 3539 3124 in
3567 3085 3645 3126 an

3077 3158 3168 3217 nis
3195 3160 3390 3218 multis
3415 3192 3429 3207 ·
3500 3162 3663 3240 requi

3077 3270 3208 3312 esce
3238 3253 3532 3314 manduca

3076 3346 3212 3405 bibe
3239 3347 3471 3423 epulare
3492 3380 3552 3395 ·-

3075 3436 3121 3472 ²⁰
3139 3440 3300 3499 Dixit
3326 3451 3518 3500 autem
3548 3441 3627 3500 illi
3654 3441 3724 3502 (Ιέ

3077 3533 3247 3593 stulte
3276 3534 3385 3593 hac
3415 3545 3593 3595 nocte

3077 3627 3334 3685 animam
3363 3639 3523 3687 tuam
3554 3648 3615 3689 re

3076 3731 3281 3797 petunt
3309 3739 3345 3780 a
3371 3732 3429 3781 te
3449 3755 3464 3770 ·
3535 3741 3686 3800 quae

3076 3824 3272 3873 autem
3301 3816 3514 3892 parasti
3538 3836 3613 3875 cu

3077 3908 3163 3967 ius
3192 3918 3359 3967 erunt
3382 3940 3397 3955 ·
3440 3908 3484 3945 ²¹
3505 3909 3599 3969 Sic
3630 3911 3731 3987 qui

3077 4003 3424 4062 tensaurizat
3453 4003 3563 4062 sibi

3075 4105 3132 4154 et
3163 4115 3282 4155 non
3311 4096 3371 4153 in
3402 4097 3479 4155 (16
3510 4097 3720 4156 ditatur
3743 4128 3760 4144 ·

3074 4187 3118 4221 ²²
3135 4189 3296 4248 Dixit
3325 4200 3520 4250 autem
3554 4191 3630 4250 ad
3659 4191 3752 4251 dis

3073 4283 3298 4360 cipulos
3328 4302 3466 4343 suos
3498 4317 3511 4332 ·
3574 4296 3717 4362 pr⁰p

3074 4388 3231 4438 terea
3263 4378 3380 4438 dixi
3408 4379 3580 4438 uobis

3072 4471 3251 4530 nolite
3281 4472 3505 4531 solliciti
3533 4490 3661 4532 esse

3072 4567 3299 4627 animae
3330 4565 3470 4644 quid
3498 4584 3641 4627 man
