4414 4917
873 2309 935 2345 10

883 2953 939 3002 ¹5

882 3598 944 3632 20

887 4241 945 4290 ²5

1808 454 2512 515 UINDOBONENSIA
2573 443 2662 533 (s)

1430 697 1643 763 Tertii
1683 700 2127 779 quaternionis
2153 701 2407 783 folium
2455 700 2722 765 tertium
2768 698 3005 787 (recto).

1762 911 1906 974 Fol.
1956 931 2103 995 43a
2149 908 2414 998 (Belslt.,
2481 912 2674 998 Wh.).

1252 1120 1308 1160 ²⁴
1331 1119 1570 1188 Uidefi·
1593 1122 1907 1204 quoniam
1933 1143 2020 1185 ex
2045 1124 2351 1206 operibus
2377 1119 2834 1211 [ius]tificatur
2853 1122 2944 1189 ho

1387 1273 1499 1315 mo
1545 1261 1613 1315 et
1659 1271 1790 1315 non
1839 1273 1926 1315 ex
1973 1252 2104 1317 fide
2150 1261 2412 1317 tantum
2463 1286 2478 1301 ·
2527 1251 2586 1290 ²⁶
2606 1253 2805 1318 simili

1558 1392 1660 1445 ter
1704 1390 1928 1464 autem
1972 1391 2040 1444 et
2087 1382 2247 1446 raab
2292 1378 2672 1467 (meretrix)

1389 1531 1603 1575 nonne
1647 1530 1736 1573 ex
1782 1511 2097 1594 operibus
2143 1509 2495 1574 iustificata

1385 1649 1485 1702 est
1530 1638 1887 1719 suscipiens
1934 1639 2201 1703 nuntios
2250 1648 2315 1703 et
2364 1659 2452 1702 ex
2499 1635 2655 1721 (alia
2704 1637 2837 1724 uia)

1387 1766 1629 1830 eiciens
1674 1764 1724 1802 ²⁶
1748 1767 1918 1830 sicut
1963 1766 2140 1830 enim
2189 1786 2428 1851 corpus
2473 1767 2611 1830 sine
2658 1767 2818 1850 spiri

1390 1908 1462 1960 tu
1511 1906 1844 1960 mortuum
1893 1907 1992 1960 est
2041 1897 2133 1960 ita
2179 1906 2247 1961 et
2295 1895 2461 1960 fides
2505 1897 2649 1961 sine
2692 1918 2735 1962 o

1387 2024 1649 2108 peribus
1698 2033 1958 2088 mortua
2005 2035 2106 2088 est
2154 2057 2169 2072 ·
2219 2023 2239 2060 ¹
2267 2022 2491 2088 Nolite
2539 2024 2674 2087 mul

1388 2155 1438 2218 ti
1486 2153 1778 2236 magistri
1825 2151 1963 2216 fieri
2031 2151 2263 2216 fratres
2310 2153 2439 2216 mei
2486 2154 2665 2217 scien

1390 2293 1490 2346 tes
1536 2281 1847 2363 quoniam
1896 2282 2107 2345 maius
2152 2281 2464 2345 iudicium
2512 2283 2680 2345 sumi

1549 2410 1604 2474 is
1649 2408 1765 2476 ²in
1814 2410 2039 2475 multis
2086 2412 2260 2475 enim
2310 2408 2710 2475 offendimus

1390 2559 1624 2604 omnes
1672 2573 1686 2588 ·
1734 2539 1788 2602 si
1833 2539 1983 2623 quis
2030 2540 2094 2602 in
2143 2540 2349 2603 uerbo
2396 2559 2528 2603 non
2575 2537 2753 2603 offen

1397 2667 1499 2732 dit
1545 2666 1652 2731 hic
1698 2668 2028 2750 perfectus
2074 2677 2174 2732 est
2222 2669 2319 2731 uir
2366 2677 2603 2751 potens
2650 2665 2776 2750 esst

1394 2797 1527 2860 iam
1577 2795 1763 2861 freno
1770 2793 1895 2882 sss]
1911 2797 2400 2862 circumducere
2444 2808 2517 2862 to

1401 2934 1541 2988 tum
1589 2945 1828 3008 corpus
1876 2958 1891 2974 ·
2152 2924 2272 2990 3Si
2319 2937 2543 2990 autem
2589 2923 2827 3008 equor⁶

1394 3054 1579 3118 frena
1623 3051 1718 3138 (in
1764 3052 1909 3140 ora)
1954 3054 2281 3119 mittimus
2325 3056 2411 3119 ad
2458 3074 2696 3119 consen

1399 3183 1699 3248 tiendum
1749 3183 1940 3248 nobis
1985 3192 2051 3247 et
2099 3203 2299 3246 omne
2346 3203 2584 3268 corpus

1400 3310 1661 3374 illorum
1709 3310 2226 3374 circumferimus
2275 3308 2479 3375 ⁴ecce
2524 3330 2611 3375 na

1399 3459 1515 3504 ues
1563 3459 1715 3502 cum
1764 3459 2045 3524 magnae
2089 3440 2225 3502 sint
2271 3450 2335 3503 et
2382 3460 2423 3504 a
2469 3440 2684 3504 uentis

1401 3567 1639 3632 ualidis
1989 3576 2141 3630 ntur
2186 3566 2729 3632 circumferuntur

1399 3716 1439 3760 a
1488 3695 1754 3760 modico
1798 3695 2249 3779 gubernaculo
2294 3697 2405 3759 ubi
2453 3696 2517 3758 in

1403 3824 1751 3907 dirigentis
1796 3824 2006 3888 uoluit
2052 3823 2190 3888 5ita
2237 3834 2303 3887 et
2351 3823 2576 3907 lingua

1404 3953 1741 4016 modicum
1787 3953 2056 4035 quidem
2105 3953 2402 4016 membru
2450 3964 2548 4016 est

1403 4091 1469 4143 et
1509 4100 1753 4163 magna
1801 4081 2056 4146 exaltat
2106 4114 2119 4128 ·
2167 4101 2319 4146 ecce
2366 4089 2653 4163 quantus

1407 4210 1577 4290 ignis
1624 4231 1824 4292 quam
1873 4216 2115 4295 magn}
2160 4209 2326 4273 silua
2375 4210 2661 4273 incendit

3491 470 3574 530 39

3035 1016 3165 1081 Iac.
3192 1016 3255 1079 ii.
3279 1014 3491 1093 24-iii.
3512 1028 3572 1095 5.
