4414 4917
874 2328 938 2364 10

878 2973 939 3024 15

886 3619 950 3655 20

880 4262 940 4310 ²5

1804 478 2509 539 UINDOBONENSIA
2566 470 2651 558 (s)

3492 495 3574 559 43

1412 730 1624 795 Tertii
1663 731 2113 814 quaternionis
2140 731 2393 813 solium
2439 730 2744 812 quintum
2792 726 3030 815 (recto).

1908 938 2051 1004 F01.
2097 957 2181 1021 49
2201 960 2243 1002 a
2286 935 2311 1023 (
2335 934 2529 1024 zm).

1394 1316 2379 1337 ..........
2437 1271 2526 1324 (Π)
2548 1272 2780 1338 fratres

1388 1403 1500 1485 qui
1548 1400 1896 1488 (detffhat)
1942 1402 2123 1467 fratri
2168 1412 2284 1467 aut
2330 1402 2442 1484 qui
2492 1403 2743 1468 iudicat
2792 1402 2888 1467 fra

1392 1541 1560 1594 trem
1607 1551 1800 1594 suum
1847 1530 2136 1596 detrahit
2182 1529 2313 1613 legi
2360 1539 2428 1595 et
2474 1530 2722 1596 iudicat

1392 1658 1607 1742 legem
1655 1693 1671 1708 ·
1718 1660 1773 1723 si
1819 1669 2045 1724 autem
2091 1660 2347 1725 iudicas
2395 1659 2612 1742 legem
2661 1680 2792 1724 non
2841 1656 2969 1746 e(s)

1394 1787 1605 1854 factor
1649 1788 1815 1871 legis
1860 1789 1977 1853 sed
2026 1788 2234 1853 iudex
2281 1785 2526 1853 12ιιῐιιιε,
2570 1800 2672 1853 est
2719 1788 2883 1871 legis

1396 1916 1570 1981 lator
1612 1924 1680 1981 et
1726 1917 1929 1980 iudex
1978 1917 2090 1999 qui
2137 1927 2360 1999 potest
2406 1919 2679 2000 perdere

1394 2054 1458 2109 et
1505 2043 1781 2110 liberare
1828 2078 1843 2094 ·
1933 2046 2038 2109 Tu
2084 2055 2308 2110 autem
2357 2047 2506 2128 quis
2552 2068 2624 2113 es
2670 2047 2782 2130 qui
2833 2048 2895 2110 iu

1390 2173 1576 2236 dicas
1621 2174 2001 2256 proximum
2051 2172 2105 2211 ¹³
2123 2194 2277 2239 ecce
2324 2195 2495 2243 nunc
2539 2176 2652 2258 qui
2703 2176 2835 2241 dici

1394 2302 1482 2365 tis
1526 2301 1724 2366 hodie
1768 2314 1884 2367 aut
1931 2302 2288 2367 crastinum
2337 2302 2579 2370 ibimus
2622 2305 2688 2367 in

1394 2450 1543 2494 eam
1590 2430 1928 2496 ciuitatem
1977 2441 2045 2497 et
2089 2430 2408 2498 faciemus
2448 2430 2778 2518 (quidem)

1395 2578 1640 2623 annum
1687 2568 1756 2624 et
1803 2561 2243 2625 mercabimur
2286 2571 2353 2626 et
2396 2559 2578 2625 lucrfi

1397 2687 1712 2752 faciemus
1759 2685 1813 2725 ¹⁴
1838 2688 1948 2771 qui
1995 2689 2314 2772 ignoratis
2350 2689 2521 2774 quid
2540 2692 2713 2773 futu

1394 2836 1547 2880 rum
1594 2817 1687 2880 sit
1727 2816 1795 2879 in
1840 2816 2195 2883 crastinum
2246 2839 2418 2901 quae
2462 2819 2636 2883 enim
2686 2832 2787 2886 est

1396 2945 1535 3008 uita
1583 2955 1802 3010 uestra
1850 2978 1865 2994 ·
1913 2965 2125 3029 uapor
2168 2958 2269 3012 est
2314 2949 2401 3012 ad
2450 2948 2716 3013 modicfi

1396 3093 1636 3156 parens
1680 3081 1748 3138 et
1793 3073 2105 3157 deinceps
2150 3077 2628 3142 exterminatur

1399 3201 1452 3239 ¹⁵
1473 3223 1595 3285 pro
1641 3223 1723 3267 eo
1768 3214 1840 3267 ut
1885 3203 2121 3268 dicatis
2166 3205 2221 3267 si
2267 3207 2393 3270 dfis
2438 3205 2720 3270 uoluerit
2765 3218 2833 3271 et

1398 3331 1764 3396 uixerimus
1809 3331 2125 3397 faciemus
2171 3333 2299 3400 hoc
2342 3345 2455 3400 aut
2503 3333 2664 3399 illud

1245 3458 1295 3497 ¹⁷
1322 3459 1571 3524 Scienti
1620 3459 1820 3543 igitur
1865 3460 2114 3525 bonum
2160 3461 2372 3526 facere
2417 3474 2483 3527 et
2530 3482 2662 3527 non
2708 3460 2888 3551 sa(ci)

1403 3588 1538 3653 enti
1585 3599 1935 3671 peccatum
1980 3599 2079 3654 est
2128 3589 2221 3653 illi
2271 3624 2287 3641 ·
2334 3589 2357 3628 ¹
2386 3590 2625 3676 (Agite
2670 3591 2871 3679 nunc)

1397 3718 1638 3782 diuites
1682 3719 1938 3802 plorate
1981 3719 2309 3785 ululantes
2353 3722 2419 3786 in
2466 3722 2627 3785 mise

1401 3848 1511 3911 riis
1556 3867 1729 3929 quae
1772 3849 2124 3913 aduenient
2346 3851 2479 3915 uob

1656 3974 1720 4026 (²)
1746 3979 2154 4060 putrefactae
2199 3989 2358 4044 sunt

1398 4115 1466 4170 ta
1514 4116 1732 4171 uestra
1777 4127 1814 4169 a
1863 4107 2053 4172 tineis
2100 4129 2178 4172 co

3005 1042 3139 1106 Iac,
3171 1041 3257 1109 iv.
3296 1057 3477 1106 10·v.
3513 1059 3576 1122 3.
