4414 4917
801 344 880 387 10

513 501 638 551 rol.
658 501 746 549 18.
791 510 849 563 et
875 497 1199 576 egrimonia

791 604 994 653 nostra
1022 601 1191 667 porta

790 688 873 747 uit
898 712 911 726 ·
966 685 1011 718 ¹⁸
1031 683 1254 743 Uidens

792 793 989 842 autem
1024 779 1113 837 ihs
1142 786 1232 836 tur

792 877 899 935 bas
926 873 1136 932 multas
1168 870 1251 930 cir

793 987 928 1028 cum
956 986 1019 1027 se
1092 964 1254 1023 iussit

791 1061 1107 1139 discipulos
1136 1076 1204 1118 su

793 1175 863 1216 os
893 1158 972 1215 ire
1002 1166 1161 1214 trans

793 1251 1039 1310 fretum·
1088 1246 1215 1305 l“Et
1249 1263 1316 1304 ac

796 1344 1013 1405 cedens
1039 1340 1259 1417 quida*

798 1439 988 1499 scriba
1020 1436 1100 1494 ait
1124 1434 1199 1492 illi
1224 1461 1235 1473 ·

800 1532 1085 1608 Magister
1167 1545 1232 1586 se

802 1643 952 1701 quor
981 1634 1037 1682 te
1066 1625 1267 1699 quocfi

803 1738 917 1796 que
947 1718 1113 1777 ieris·
1157 1713 1365 1772 ²⁰Dicit

806 1815 859 1873 ei
887 1813 976 1872 ihs
1051 1810 1257 1886 uulpes

806 1909 1007 1969 foueas
1036 1907 1211 1964 abent
1234 1929 1246 1942 ·

804 2012 862 2061 et
890 2000 1154 2060 uolucres
1188 1995 1296 2055 celi

805 2095 979 2154 nidos
1062 2090 1162 2149 ubi
1191 2107 1253 2147 re

807 2190 1112 2266 quiescant
1135 2211 1148 2225 ·

806 2283 987 2343 Filius
1015 2290 1210 2339 autem
1238 2276 1318 2334 ho

808 2378 982 2436 minis
1010 2392 1133 2433 non
1162 2372 1238 2429 ha

809 2513 908 2571 bet
935 2508 1032 2568 ubi
1061 2503 1251 2582 capud
1280 2503 1352 2561 de

811 2605 987 2664 clinet
1011 2627 1025 2642 ·
1065 2600 1282 2657 ²”Alius
1311 2615 1387 2656 au

812 2710 930 2758 tem
960 2693 1273 2771 discipulus

815 2792 894 2851 ait
921 2790 995 2849 illi
1020 2817 1032 2830 ·
1095 2789 1208 2846 dfie
1238 2803 1342 2862 per

817 2885 977 2943 mitte
1011 2881 1152 2940 mihi
1186 2879 1275 2957 pri

819 2996 982 3036 mum
1010 2977 1087 3033 ire
1117 2984 1175 3032 et
1204 2990 1267 3031 se

818 3070 1015 3150 pellite
1045 3077 1251 3146 patre*

820 3182 1022 3225 meum
1045 3188 1058 3201 ·
1101 3158 1234 3218 ”At
1266 3159 1393 3236 ipse

818 3260 898 3318 ait
931 3258 1007 3316 illi
1041 3272 1279 3332 sequere

820 3373 917 3413 me
996 3353 1120 3411 sine
1150 3356 1344 3407 mortu

822 3467 893 3509 os
922 3445 1182 3523 sepellire
1211 3459 1344 3501 mor

821 3554 953 3603 tuos
986 3558 1153 3600 suos·

819 3635 949 3695 ”Et
977 3631 1329 3693 ascendente
1358 3646 1431 3689 eo

820 3733 883 3791 in
912 3727 1180 3788 nauicula
1208 3743 1273 3785 se

826 3825 943 3886 cuti
972 3831 1107 3882 sunt
1134 3838 1270 3879 eum

826 3916 1091 3995 discipuli
1125 3915 1249 3973 eius
1272 3942 1286 3958 ·

826 4012 958 4070 “Et
984 4028 1122 4070 ecce
1150 4017 1346 4066 motus
1374 4022 1515 4079 mag

828 4124 941 4165 nus
972 4105 1154 4164 factus
1182 4113 1270 4160 est

827 4201 887 4258 in
918 4198 1062 4256 mari
1084 4224 1096 4237 ·
1158 4197 1236 4253 ita
1270 4203 1332 4251 ut

825 4290 1091 4351 nauicula
1112 4289 1275 4365 operi

767 4375 772 4379 ⁴
827 4397 982 4446 retur
1011 4403 1045 4445 a
1074 4382 1375 4443 fluctibus·

2148 312 2389 375 SECD
2404 348 2418 362 ·

1549 491 1686 568 Ipse
1716 501 1911 549 autem
1945 487 2136 546 dormi

1548 587 1717 644 ebat·
1776 584 1889 643 ²⁵et
1917 599 2056 640 acce

1548 679 1755 737 dentes
1784 675 2070 735 suscitaue

1548 781 1682 831 runt
1711 789 1846 830 eum
1878 768 2021 828 disci

1549 865 1669 943 puli
1696 865 1818 923 eius
1840 863 2010 921 dicen

1551 969 1636 1017 tes
1668 991 1680 1004 ·
1726 957 1840 1016 dr'ie
1890 954 2071 1013 libera

1552 1070 1663 1110 nos
1691 1051 1980 1129 perimus·

1549 1143 1592 1180 ⁹⁸
1609 1145 1684 1203 Et
1714 1144 1791 1202 ait
1818 1143 1926 1201 illis
1980 1138 2119 1217 quid
2147 1138 2188 1196 ti

1551 1239 1692 1298 midi
1723 1237 1860 1295 estis
1888 1234 2050 1292 modi

1554 1351 1621 1393 ce
1644 1332 1778 1390 fidei
1802 1357 1814 1370 ·
1861 1329 2037 1387 Tunc

1556 1441 1802 1501 surgens
1829 1422 1985 1499 impe

1556 1519 1703 1578 rauit
1732 1527 1908 1575 uento

1558 1623 1617 1673 et
1646 1612 1789 1670 mari
1865 1620 1923 1669 et
1950 1608 2104 1666 sacta

1561 1717 1649 1767 est
1686 1702 1976 1781 tranquilli

1561 1812 1650 1859 tas
1678 1816 1897 1875 magna
1921 1829 1933 1843 ·
2019 1793 2062 1827 ²⁷
2083 1794 2161 1853 illi

1563 1903 1759 1953 autem
1790 1890 2056 1952 homines

1564 1988 1754 2047 mirati
1783 1996 1915 2044 sunt
1944 1984 2114 2042 dicen

1567 2093 1653 2141 tes
1732 2078 1915 2155 qualis
1941 2086 2029 2135 est

1563 2175 1657 2234 hic
1741 2171 1902 2248 quod
1928 2170 2089 2228 uenti

1566 2281 1623 2328 et
1649 2268 1796 2326 mari
1826 2264 2147 2324 oboediunt

1566 2363 1654 2423 ei·
1698 2359 1815 2420 ²⁸et
1842 2377 1979 2418 cum
2006 2359 2170 2416 uenis

1568 2507 1655 2555 set
1682 2504 1840 2553 trans
1869 2491 2012 2549 fretii
2037 2517 2048 2530 ·

1567 2591 1628 2647 in
1656 2589 1894 2664 regione
1922 2602 2063 2662 gera

1570 2699 1845 2742 senorum
1870 2707 1882 2720 ·
1943 2696 2120 2738 occur

1570 2787 1769 2835 rerunt
1796 2775 1851 2833 ei
1876 2773 1996 2831 duo

1571 2869 1844 2928 homines
1925 2867 2035 2925 dae

1574 2962 1773 3022 monia
1800 2960 2079 3019 habentes
2103 2983 2115 2998 ·

1574 3057 1649 3115 de
1676 3053 2075 3114 monumentis

1575 3159 1854 3210 exeuntes
1912 3147 2035 3223 peri

1576 3244 1757 3303 culosi
1786 3241 1958 3300 nimis
1981 3267 1993 3280 ·

1579 3339 1668 3396 Ita
1696 3348 1758 3396 ut
1785 3353 1962 3395 nemo
1989 3351 2099 3411 pos

1579 3443 1664 3492 set
1692 3430 1902 3489 transsi

1578 3544 1640 3583 re
1671 3541 1773 3600 per
1802 3524 1960 3580 uiam
1990 3521 2126 3579 illa·
2150 3547 2163 3560 ·

1576 3616 1620 3651 ²⁹
1636 3616 1713 3676 Et
1740 3635 1879 3675 ecce
1908 3615 2248 3674 exclamaue

1581 3722 1715 3770 runt
1744 3711 2004 3770 dicentes

1583 3805 1744 3879 Quid
1778 3805 1949 3863 nobis
1982 3815 2039 3863 et
2068 3803 2170 3861 tibi

1581 3900 1681 3958 ihu
1710 3900 1788 3957 fili
1818 3898 1879 3957 di
1960 3898 2125 3957 uenis

1584 3994 1626 4052 ti
1655 3993 1750 4052 hic
1781 4005 1913 4051 ante
1945 4001 2064 4050 tem

1586 4107 1698 4166 pus
1727 4098 1996 4162 torquere

1587 4198 1729 4241 nos·
1774 4180 1968 4238 ⁸⁰Erat
1995 4182 2128 4237 aute

1588 4274 1764 4349 longe
1795 4274 1871 4331 ab
1901 4273 2008 4331 illis
2037 4290 2179 4348 grex

1587 4384 1900 4444 porcorum
1928 4365 2112 4424 multo

1586 4478 1715 4517 rum
1745 4459 2106 4537 pascentium

2357 484 2398 519 ³¹
2420 485 2756 544 Daemones
2785 487 2918 542 aute

2357 581 2645 656 rogabant
2677 595 2813 636 eum

2358 675 2616 734 dicentes
2694 672 2755 731 Si
2784 672 2838 730 ei

2359 768 2444 827 cis
2472 785 2585 826 nos
2664 765 2874 843 permit

2359 872 2413 921 te
2442 880 2556 921 nos
2583 861 2663 919 ire
2694 861 2753 918 in
2783 876 2887 935 gre

2359 974 2495 1033 gem
2523 972 2835 1032 porcorum
2859 980 2870 993 ·

2359 1048 2403 1082 ³²
2419 1049 2495 1108 Et
2523 1050 2602 1107 ait
2628 1048 2735 1107 illis
2762 1049 2840 1106 ite
2864 1072 2876 1086 ·
2938 1056 2998 1104 at

2361 1143 2442 1202 illi
2467 1153 2748 1202 exeuntes
2775 1140 2868 1198 abi

2363 1246 2531 1296 erunt
2561 1237 2621 1294 in
2650 1252 2862 1311 porcos
2886 1260 2898 1274 ·

2363 1329 2442 1390 Et
2468 1348 2607 1388 ecce
2635 1329 2919 1405 impetum

2367 1424 2506 1484 abiit
2532 1433 2687 1482 totus
2715 1440 2857 1499 grex

2366 1537 2468 1595 per
2496 1535 2738 1594 preceps
2765 1516 2829 1574 in

2367 1627 2531 1669 mare
2612 1620 2670 1669 et
2704 1627 2834 1667 mor

2369 1706 2451 1764 tui
2481 1714 2612 1763 sunt
2643 1705 2701 1761 in
2732 1722 2767 1760 a

2370 1800 2533 1875 quis·
2579 1798 2623 1829 ³⁸
2643 1797 2723 1855 Hi
2752 1800 2884 1854 aute

2372 1893 2474 1971 qui
2503 1910 2607 1950 eos
2637 1892 2990 1967 pascebant·

2374 1986 2639 2062 fugerunt
2717 1994 2775 2042 et
2809 2001 2881 2041 ue

2373 2080 2599 2138 nientes
2628 2079 2688 2136 in
2715 2077 2888 2136 ciuita

2377 2184 2495 2233 tem
2577 2172 2850 2230 nuntiaue

2374 2277 2507 2325 runt
2534 2266 2760 2325 omnia·
2822 2275 2880 2322 et

2376 2360 2449 2419 de
2478 2360 2568 2417 his
2596 2360 2696 2437 qui
2724 2359 2900 2417 demo

2378 2498 2539 2555 nium
2567 2495 2893 2553 habebant·

2375 2590 2416 2622 ³⁴
2434 2589 2512 2649 Et
2539 2607 2677 2647 ecce
2699 2596 2820 2646 tota
2848 2584 2960 2644 ciui

2375 2693 2464 2743 tas
2486 2683 2621 2743 exiit
2649 2682 2710 2739 in
2738 2679 2974 2738 obuiam

2378 2777 2509 2835 ihu·
2574 2784 2632 2835 et
2659 2776 2786 2834 uiso
2813 2792 2886 2832 eo
2915 2791 2981 2831 ro

2381 2872 2600 2948 gabant
2680 2879 2740 2928 ut
2767 2879 2926 2927 trans

2384 2967 2520 3026 siret
2547 2983 2583 3022 a
2610 2963 2821 3021 finibus
2851 2973 3035 3021 eoru-
3054 2993 3067 3006 ·

3312 317 3480 382 [vlu.
3511 320 3706 384 17-1X.
3738 333 3814 369 10.

3111 480 3229 540 Hic
3257 479 3562 540 blasfemat
3586 511 3599 524 ·

3109 575 3133 609 ⁴
3148 585 3207 634 et
3226 575 3433 633 uidens
3462 574 3552 633 ihs

3112 669 3498 745 cogitationes
3527 685 3601 728 eo

3112 781 3245 821 rum
3274 762 3413 821 dixit
3438 788 3450 800 ·
3510 771 3578 819 ut

3113 857 3256 932 quid
3285 855 3552 931 cogitatis
3581 872 3680 912 ma

3115 949 3171 1009 la
3197 950 3258 1007 in
3287 948 3559 1008 cordibus
3578 965 3683 1006 ues

3114 1044 3214 1104 tris
3287 1042 3310 1074 ⁶
3328 1042 3468 1118 quid
3494 1053 3582 1100 est
3608 1040 3666 1099 sa

3117 1137 3278 1197 cilius
3308 1137 3499 1195 dicere
3527 1154 3590 1193 re

3116 1231 3418 1290 mittuntur
3446 1230 3546 1289 tibi

3117 1334 3362 1402 peccata
3391 1335 3490 1382 tua
3513 1355 3526 1368 ·
3574 1331 3676 1381 aut

3122 1420 3314 1478 dicere
3341 1436 3514 1493 surge
3543 1426 3601 1475 et

3123 1510 3358 1570 ambula
3380 1541 3392 1554 ·
3437 1511 3458 1543 ‘
3475 1520 3536 1568 ut
3565 1510 3648 1568 sci

3123 1607 3232 1665 atis
3260 1615 3454 1663 autem
3483 1603 3620 1680 quia

3124 1700 3273 1758 filius
3301 1697 3556 1757 hominis

3125 1802 3478 1870 potestatem
3507 1791 3584 1850 ha

3126 1888 3224 1945 bet
3252 1886 3310 1942 in
3340 1895 3488 1943 terra
3521 1903 3583 1942 re

3127 1979 3390 2038 mittendi
3417 1988 3692 2056 peccata·

3129 2073 3302 2132 Tunc
3333 2072 3409 2131 ait
3437 2071 3678 2149 paralyti

3130 2185 3202 2227 co
3223 2194 3236 2207 ·
3271 2170 3544 2241 ‘surgens
3573 2164 3656 2223 tol

3128 2262 3182 2321 le
3212 2261 3423 2320 lectum
3452 2269 3614 2318 tuum

3132 2367 3189 2415 et
3216 2354 3366 2413 uade
3394 2354 3454 2412 in
3483 2354 3726 2412 domum

3133 2501 3292 2549 tuam
3317 2516 3329 2528 ·
3395 2489 3494 2546 ''et
3523 2504 3768 2563 surgens

3133 2584 3271 2642 abiit
3299 2583 3358 2640 in
3388 2581 3638 2643 domum

3137 2695 3335 2736 suam·
3383 2677 3404 2708 ⁸
3425 2675 3620 2734 Uiden

3137 2783 3223 2830 tes
3253 2780 3447 2829 autem
3476 2780 3566 2828 tur

3138 2867 3212 2924 be
3242 2866 3554 2923 timuerunt
3579 2889 3592 2902 ·

3138 2970 3196 3018 et
3223 2958 3620 3017 honorificaue

2388 3068 2450 3120 9.
2468 3059 2566 3117 ¹Et
2583 3057 2912 3117 ascendens
2931 3056 2992 3114 in
3012 3073 3090 3114 na
3141 3064 3275 3113 runt
3303 3053 3403 3111 dm
3432 3052 3533 3128 qui

2385 3152 2635 3212 uiculam
2665 3161 2822 3209 trans

2387 3247 2612 3306 fretauit
2687 3256 2744 3304 et
2771 3245 2931 3303 uenit

2386 3345 2446 3401 in
2475 3342 2766 3401 ciuitatem
2795 3357 2961 3397 suam
2980 3364 2993 3377 ·

2388 3434 2410 3467 ²
2427 3435 2503 3494 Et
2531 3435 2861 3511 optulerunt
2888 3432 2941 3491 ei

2389 3530 2770 3608 paralyticum
2790 3527 2845 3584 ia

2391 3633 2618 3683 centem
2646 3622 2707 3679 in
2742 3621 2927 3680 lecto·

2389 3717 2466 3776 Et
2487 3717 2694 3776 uidens
2721 3715 2809 3773 ihs
2838 3714 3014 3773 fidem

2391 3812 2618 3870 illorum
2700 3809 2842 3867 dixit
2870 3827 2947 3884 pa

2390 3905 2660 3982 ralytico·
2723 3914 2998 3962 constans

2394 4013 2519 4061 esto
2549 3999 2628 4057 fili
2707 3998 2951 4056 remissa

2395 4104 2531 4155 sunt
2558 4093 2659 4152 tibi
2689 4102 2933 4168 peccata

2395 4203 2524 4250 tua·
2586 4188 2605 4217 ³
2627 4187 2885 4259 Quidam
2914 4204 2988 4245 au

2396 4294 2516 4342 tem
2544 4300 2618 4340 ex
2648 4281 2848 4340 scribis
2876 4280 3011 4339 dixe

2396 4387 2560 4436 runt·
2617 4377 2763 4435 intra
2792 4393 2854 4433 se

3143 3158 3362 3208 tantam
3394 3155 3623 3223 potesta

3143 3253 3261 3301 tem
3291 3241 3449 3299 dedit
3477 3239 3639 3298 homi

3143 3336 3315 3394 nibus
3345 3360 3358 3373 ·
3415 3360 3497 3386 *e*
3605 3358 3687 3383 st*

3225 3453 3688 3482 mmm

3092 3524 3125 3561 *
3144 3525 3165 3556 ⁹
3180 3523 3258 3582 Et
3287 3541 3420 3582 cum
3448 3520 3741 3580 transsiret

3097 3619 3284 3676 *inde
3312 3618 3401 3676 ihs
3482 3616 3626 3675 uidit

3147 3712 3452 3771 hominem

3147 3806 3450 3864 sedentem

3146 3901 3208 3959 in
3237 3900 3539 3958 theloneo·
3607 3915 3687 3955 no

3144 3996 3301 4053 mine
3330 3994 3654 4052 mattheu-·

3147 4089 3225 4148 Et
3253 4090 3331 4148 ait
3358 4088 3435 4146 illi
3465 4105 3644 4163 seque

3148 4202 3209 4243 re
3239 4202 3334 4242 me
3359 4208 3372 4221 ·
3440 4194 3496 4241 et
3525 4198 3770 4257 surgens

3151 4289 3382 4337 secutus
3410 4286 3498 4335 est
3525 4294 3660 4335 eum
3686 4302 3699 4315 ·

3151 4371 3197 4403 ¹⁰
3214 4372 3289 4430 Et
3318 4371 3537 4430 factum
3564 4379 3650 4428 est
3678 4388 3738 4428 re

3151 4468 3461 4527 cumbente
3491 4463 3589 4522 illo

3841 491 3966 541 1¹01.
3989 490 4078 539 19.
