4414 4917
515 516 638 565 rol.
657 517 773 565 118.

817 325 965 389 88-

819 503 1307 563 descendentibus

820 599 930 657 illis
958 598 1029 657 de
1060 607 1260 657 monte

822 694 1071 753 occurrit
1100 690 1177 751 illi
1206 701 1296 750 tur

822 788 899 846 ba
926 786 1109 845 multa
1128 818 1142 833 ·
1185 786 1230 819 ⁸⁸
1247 786 1323 844 Et
1352 803 1455 845 cce

822 882 911 939 uir
939 880 1010 939 de
1039 883 1208 939 turba
1235 879 1402 940 excla

822 976 1004 1035 mauit
1033 975 1232 1034 dicens
1252 1006 1267 1021 ·
1339 992 1438 1033 ma

822 1070 998 1145 gister
1025 1071 1180 1127 bone
1219 1071 1363 1128 obse

824 1181 927 1222 cro
956 1172 1011 1222 te
1084 1163 1338 1239 Respice
1369 1162 1429 1220 in

825 1256 1007 1316 filium
1036 1274 1232 1315 meum
1259 1256 1396 1331 quia

825 1352 1034 1410 unicus
1063 1360 1149 1409 est
1177 1350 1320 1407 mihi
1339 1381 1354 1396 ·

826 1444 871 1477 ⁸⁹
888 1443 965 1502 Et
991 1462 1128 1503 ecce
1157 1444 1388 1520 spiritus
1417 1443 1478 1502 in

828 1537 1079 1597 mundus
1108 1538 1284 1614 adpre

828 1630 1004 1690 hendi
1032 1631 1193 1690 illum
1262 1631 1337 1689 Et
1367 1648 1437 1689 su

828 1724 952 1784 bito
982 1726 1191 1784 clamat
1219 1736 1276 1784 et
1303 1725 1376 1783 eli

829 1819 910 1878 dit
938 1829 993 1877 et
1022 1820 1262 1896 dissipat
1291 1825 1365 1878 eii

830 1932 968 1973 cum
998 1932 1207 1990 spuma
1275 1914 1352 1971 Et
1379 1914 1481 1972 uix

831 2008 1072 2067 discedit
1099 2010 1173 2067 ab
1202 2009 1298 2068 illo
1328 2009 1387 2067 di

830 2101 1057 2161 lanians
1085 2121 1255 2161 eum·
1299 2102 1344 2134 ⁴⁰
1359 2113 1417 2161 et

830 2197 1035 2273 rogaui
1064 2197 1378 2273 discipulos

831 2300 965 2350 tuos
994 2300 1054 2349 ut
1081 2292 1289 2350 eiciant
1331 2291 1370 2349 il

832 2383 952 2443 lum
980 2394 1037 2443 et
1066 2395 1178 2443 n⁰n
1206 2393 1517 2462 potuerunt

833 2608 877 2643 ⁴¹
897 2610 1285 2687 Respondens
1315 2620 1507 2670 autem

837 2703 925 2762 ihs
954 2705 1129 2762 dixit·
1177 2723 1215 2763 o
1242 2736 1255 2751 ·
1300 2723 1515 2780 genera

836 2799 919 2857 tio
948 2798 1193 2857 infidelis
1261 2808 1317 2856 et
1346 2818 1448 2875 per

839 2909 1009 2950 uersa
1078 2908 1261 2968 usque
1292 2910 1411 2969 quo
1438 2911 1472 2951 e

838 3002 907 3043 ro
936 2984 1090 3060 apud
1116 3002 1226 3042 uos
1254 2996 1309 3043 et
1338 2987 1523 3061 patiar

837 3096 947 3137 uos
971 3108 985 3123 ·
1058 3078 1246 3138 adduc
1275 3079 1389 3139 huc
1419 3079 1538 3138 filiu

839 3183 1037 3230 tuum·
1082 3173 1338 3232 ⁴²Adhuc
1368 3179 1500 3233 aute

838 3267 1107 3324 ueniente
1136 3267 1265 3343 ipso
1291 3268 1439 3326 elisit

837 3360 997 3418 illum
1018 3360 1358 3420 demonium

837 3464 897 3514 et
925 3454 1255 3531 dissipauit·
1314 3456 1392 3514 Et
1421 3456 1481 3515 in

839 3550 1099 3625 crepauit
1127 3550 1217 3609 ihs
1245 3556 1376 3626 spm
1405 3552 1466 3610 in

837 3644 1123 3703 mundum
1189 3653 1247 3703 et
1275 3663 1419 3704 sana

838 3739 922 3797 uit
951 3756 1231 3814 puerum·
1302 3739 1379 3797 Et
1419 3740 1521 3799 red

840 3832 983 3891 didit
1011 3833 1171 3893 illum
1200 3834 1346 3910 patri
1375 3835 1500 3894 eius
1524 3867 1538 3882 ·

838 3926 883 3959 ⁴⁸
901 3929 1208 4003 stupebant
1229 3939 1421 3987 autem
1439 3947 1538 3989 orn

839 4039 943 4080 nes
973 4022 1033 4079 in
1061 4022 1385 4098 magnitudi

838 4132 974 4173 nem
1003 4114 1062 4172 di
1080 4147 1094 4162 ·
1164 4117 1441 4177 omnibus

837 4225 951 4285 que
980 4209 1318 4268 mirantibus
1347 4229 1413 4268 su

838 4321 943 4378 per
969 4304 1241 4361 omnibus
1269 4322 1417 4380 quae

838 4395 1084 4454 faciebat
1114 4397 1201 4455 ihs
1232 4429 1245 4444 ·
1295 4397 1458 4458 Dixit

839 4490 913 4549 ad
935 4490 1250 4567 discipulos
1280 4510 1417 4551 suos

837 4584 1090 4661 “ponite
1109 4602 1409 4645 sermones
1427 4585 1538 4647 hos

2175 325 2415 387 SECD
2438 355 2454 372 ·

1575 503 1635 560 in
1664 502 1897 561 auribus
1925 502 2132 560 uestris
2155 532 2170 547 ·

1576 615 1714 654 nam
1744 596 1891 654 filius
1922 595 2173 655 hominis

1573 690 1827 749 tradetur
1855 691 1915 748 in
1943 708 2153 749 manus

1575 784 1882 843 hominurn
1901 816 1915 831 ·
1959 784 2005 817 ⁴⁶
2024 794 2081 842 at
2109 785 2188 842 illi
2219 785 2278 862 ig

1576 878 1863 937 norabant
1889 879 2134 937 uerbum

1577 971 1729 1030 istud
1749 1003 1763 1017 ·
1833 982 1891 1031 et
1917 982 2038 1031 erat
2066 972 2259 1032 uelatt't

1576 1075 1711 1124 ante
1741 1066 1900 1142 ipsos
1928 1076 1990 1123 ut
2012 1085 2136 1125 non
2153 1085 2259 1126 sen

1576 1161 1747 1217 tirent
1776 1191 1791 1206 ·
1850 1170 1907 1218 et
1935 1161 2213 1220 timebant

1578 1255 1926 1330 interrogare
1956 1256 2027 1314 de
2055 1256 2170 1315 hoc

1579 1349 1761 1406 uerbo
1782 1380 1796 1393 ·
1839 1349 2134 1408 “Intrauit
2163 1368 2239 1409 au

1580 1452 1698 1500 tem
1728 1443 2005 1519 cogitatio
2032 1444 2092 1500 in
2122 1444 2205 1502 eis
2238 1477 2251 1490 ·

1581 1536 1711 1612 quis
1729 1536 1789 1593 in
1806 1537 1889 1594 eis
1909 1538 2094 1596 maior
2114 1547 2266 1596 esset

1580 1629 2015 1688 ⁴''Atil'isuidens
2026 1632 2260 1707 cogitati

1580 1742 1725 1782 ones
1755 1724 1943 1782 cordis
1973 1725 2199 1784 illorum

1580 1817 2020 1894 adprehendens
2049 1839 2162 1896 pue

1579 1931 1709 1970 rum
1739 1913 1930 1971 statuit
1960 1932 2127 1973 secus
2156 1932 2218 1973 se
2239 1946 2252 1960 ·

1578 2006 1679 2063 ⁴⁸et
1696 2007 1798 2064 ait·
1829 2007 2177 2085 quicumque
2196 2027 2266 2068 ac

1581 2100 1782 2176 ciperit
1808 2119 2051 2176 puerum
2070 2104 2180 2161 istu

1581 2194 1642 2251 in
1671 2196 1907 2253 nomine
1938 2214 2070 2255 meo
2141 2216 2235 2257 me

1583 2290 1798 2365 recepit
1817 2321 1831 2336 ·
1895 2300 1951 2348 et
1980 2292 2216 2367 quicum

1583 2400 1695 2458 que
1724 2402 1816 2442 me
1846 2387 2121 2461 receperit
2145 2417 2159 2432 ·

1582 2496 1703 2536 non
1734 2497 1826 2537 me
1856 2480 2056 2557 recipit
2086 2481 2187 2539 sed

1583 2628 1720 2667 eum
1748 2610 1846 2687 qui
1877 2629 1970 2670 me
2001 2612 2155 2670 misit
2178 2644 2193 2659 ·

1587 2702 1743 2761 Nam
1765 2705 1864 2781 qui
1893 2706 2083 2764 minor
2108 2717 2194 2765 est

1585 2798 1730 2856 inter
1758 2816 1963 2858 omnes
1992 2817 2102 2859 uos
2127 2832 2141 2847 ·

1588 2889 1682 2949 hic
1711 2892 1897 2949 maior
1923 2894 2026 2951 erit
2050 2926 2065 2941 ·

1586 2985 1632 3017 ⁴⁹
1650 2984 2040 3061 Respondens
2071 2998 2264 3047 autem

1590 3078 1872 3136 iohannes
1902 3080 2044 3141 dixit
2068 3112 2082 3127 ·
2127 3102 2229 3159 pre

1589 3181 1790 3246 ceptor
1817 3173 2067 3234 uidimus

1590 3266 1882 3342 quendam
1913 3268 1970 3324 in
2002 3271 2163 3328 nomi

1591 3377 1665 3417 ne
1694 3369 1795 3418 tuo
1822 3362 2127 3422 eicientem

1591 3452 1901 3513 daemonia
1922 3488 1934 3502 ·
1996 3468 2052 3516 et
2079 3458 2249 3534 prohi

1591 3547 1820 3607 buimus
1848 3568 1983 3608 eum
2011 3553 2148 3630 quia

1591 3659 1711 3701 non
1741 3645 1995 3721 sequitur
2023 3665 2102 3704 no

1591 3735 1816 3795 biscum
1840 3769 1854 3784 ·
1899 3739 2035 3797 ⁵⁰Et
2063 3741 2140 3799 ait
2158 3740 2233 3800 ad
2252 3742 2288 3799 il

1589 3827 1677 3889 los
1707 3830 1794 3889 ihs
1815 3863 1828 3877 ·
1894 3833 2069 3892 nolite
2098 3854 2207 3911 pro

1590 3922 1784 3984 hibere
1846 3928 1945 4004 qui
1973 3930 2130 3987 enim
2159 3941 2273 3988 n⁰n

1588 4027 1675 4075 est
1693 4018 1967 4080 aduersus
1996 4042 2106 4083 uos

1589 4129 1699 4187 pro
1729 4116 1898 4173 uobis
1925 4126 2011 4175 est
2030 4144 2111 4169 m

1541 4201 1569 4234 *
1594 4204 1637 4237 ⁶¹
1660 4206 1901 4268 Factum
1928 4221 2014 4270 est
2041 4223 2235 4272 autem

1540 4296 1568 4329 *
1593 4299 1731 4358 dum
1761 4306 2073 4381 conplet-en

1590 4404 1681 4453 tur
1707 4396 1828 4455 dies
1858 4398 2108 4458 adsumti

1590 4491 1721 4548 onis
1748 4492 1872 4550 eius
1893 4524 1908 4539 ·
1949 4493 2025 4552 Et
2056 4496 2181 4571 ipse

1589 4583 1798 4645 faciem
1826 4604 1990 4647 suam
2021 4589 2185 4648 firma

2384 501 2466 558 uit
2497 511 2558 558 ut
2587 499 2732 558 hiret
2760 498 2923 558 hieru

2385 594 2565 653 salem
2589 625 2603 640 ·
2648 591 2693 627 ⁶²
2709 594 2786 652 Et
2813 595 2968 653 misit

2384 689 2624 748 nuntios
2654 698 2789 746 ante
2817 706 2936 749 con

2384 792 2647 858 spectum
2671 800 2843 841 suum
2866 814 2880 829 ·

2383 876 2459 934 Et
2486 886 2687 935 euntes
2716 877 2936 936 intraue

2384 980 2519 1028 runt
2549 971 2608 1027 in
2637 971 2869 1029 ciuitate
2899 989 2966 1031 sa

2384 1065 2801 1124 maritanorum
2825 1096 2839 1112 ·

2385 1160 2550 1236 quasi
2570 1159 2809 1236 paraturi
2832 1159 2933 1217 illi·
2965 1158 3086 1218 ⁸³Et

2385 1270 2508 1311 non
2537 1264 2874 1330 receperunt

2385 1346 2544 1404 illum
2574 1348 2710 1424 quia
2731 1346 2907 1406 facies

2384 1441 2509 1498 eius
2537 1451 2657 1500 erat
2687 1443 2874 1500 euntis
2903 1442 2962 1500 hi

2384 1536 2667 1594 erusalem
2687 1568 2701 1582 ·
2745 1536 2953 1595 “Cum

2384 1628 2662 1688 uidissent
2691 1639 2883 1688 autem

2385 1722 2651 1799 discipuli
2679 1724 2804 1783 eius
2828 1755 2843 1770 ·
2916 1725 3046 1785 iaco

2387 1819 2496 1876 bus
2524 1828 2581 1875 et
2611 1819 2894 1877 iohannes

2389 1910 2654 1970 dixerunt
2676 1944 2690 1959 ·
2735 1912 2867 1971 Dr‘ie
2891 1914 2979 1972 uis

2387 2005 2634 2064 dicimus
2701 2018 2765 2064 ut
2794 2008 2946 2082 ignis

2387 2099 2699 2158 descendat
2727 2101 2797 2158 de
2827 2102 2988 2161 caelo

2389 2213 2561 2271 super
2590 2194 2719 2253 illos
2747 2205 2804 2253 et
2833 2214 2950 2254 con

2389 2297 2638 2346 summat
2668 2288 2796 2347 illos
2817 2321 2830 2335 ·
2897 2290 2944 2348 si

2389 2393 2487 2441 cut
2517 2383 2694 2441 helias
2713 2382 2844 2441 fecit

2388 2477 2432 2510 ⁶⁶
2452 2476 2529 2535 Et
2557 2496 2871 2538 conuersus
2905 2479 3062 2539 incre

2389 2610 2550 2686 pauit
2569 2608 2697 2668 illos
2715 2610 2806 2668 ihs
2823 2620 2879 2668 et
2898 2611 3091 2669 dixit-

2390 2705 2624 2762 nescitis
2655 2705 2816 2762 cuius
2847 2711 2948 2780 sps
2979 2705 3026 2763 si

2390 2799 2460 2855 tis
2480 2828 2493 2843 ·
2537 2798 2736 2855 “filius
2753 2799 2909 2856 enim
2927 2800 3092 2857 homi

2393 2892 2483 2949 nis
2512 2910 2635 2950 non
2664 2891 2811 2950 uenit
2839 2893 3064 2951 animas

2394 2984 2701 3044 hominum
2731 2987 2968 3063 perdere

2395 3079 2495 3137 sed
2525 3080 2744 3138 saluare
2765 3112 2778 3126 ·
2822 3091 2880 3139 et
2908 3082 3036 3139 abie

2393 3183 2526 3231 runt
2555 3175 2613 3231 in
2637 3174 2791 3233 aliud
2820 3175 3053 3234 castellii
3078 3206 3093 3221 ·

3449 334 3566 399 [lx.
3589 341 3764 404 37—x.
3791 338 3843 396 6.

3140 502 3219 560 ire
3247 510 3305 560 et
3333 501 3557 561 sepelire
3590 509 3754 579 patre

3139 613 3336 655 meum
3360 629 3375 643 ·
3418 596 3462 631 ⁸⁰
3479 597 3621 656 dixit
3649 603 3783 657 aute

3138 691 3192 749 ei
3222 691 3310 749 ihs
3331 722 3346 737 ·
3419 693 3543 751 sine
3575 703 3769 753 mortu

3138 802 3208 844 os
3238 785 3476 862 sepelire
3507 795 3702 848 mortu

3138 896 3207 936 os
3237 897 3378 939 suos
3398 910 3412 925 ·
3474 890 3536 938 tu
3564 891 3760 940 autem

3137 973 3286 1032 uade
3315 974 3595 1033 adnuntia
3624 994 3727 1052 reg

3138 1086 3282 1125 num
3304 1067 3362 1125 di
3380 1100 3394 1114 ·
3437 1067 3558 1127 ⁶¹Et
3585 1070 3664 1127 ait
3685 1070 3824 1128 alter

3139 1179 3346 1238 sequar
3374 1171 3429 1220 te
3459 1161 3572 1220 dr‘ie
3596 1193 3612 1209 ·
3689 1163 3795 1222 sed

3137 1256 3391 1332 primum
3421 1258 3686 1333 permitte

3137 1349 3278 1407 mihi
3309 1351 3571 1410 nuntiare
3601 1350 3692 1409 his

3138 1444 3237 1520 qui
3260 1443 3420 1501 domi
3442 1454 3576 1502 sunt
3599 1476 3614 1491 ·
3638 1443 3682 1478 ⁸²
3698 1445 3843 1505 dixit

3139 1547 3335 1595 autem
3363 1537 3452 1596 ihs
3481 1538 3557 1597 ad
3584 1539 3745 1597 illum
3765 1572 3782 1588 ·

3139 1649 3316 1691 nemo
3345 1633 3660 1709 respiciens
3688 1652 3750 1692 re

3139 1736 3229 1784 tro
3299 1726 3534 1787 mittens
3563 1733 3743 1786 mansi

3140 1820 3199 1877 in
3233 1829 3488 1879 aratrum
3552 1820 3761 1882 habilis

3140 1923 3228 1971 est
3258 1914 3318 1971 in
3345 1932 3532 1991 regno
3560 1914 3622 1973 dr
3644 1948 3657 1962 ·
3676 1948 3765 1961 —-

3141 2007 3760 2069 10.¹Posthaecautem
3771 2009 3843 2070 de

3143 2102 3395 2178 signauit
3425 2104 3536 2162 dfis
3562 2114 3619 2163 et
3647 2105 3795 2165 alios

3142 2198 3506 2272 septuaginta
3529 2230 3544 2245 ·
3593 2209 3651 2257 et
3680 2200 3761 2257 mi

3141 2291 3211 2349 sit
3229 2290 3356 2349 illos
3373 2292 3534 2350 binos
3552 2303 3684 2352 ante
3698 2293 3842 2354 facie

3142 2380 3390 2443 suam‘in
3409 2404 3646 2446 omnem
3665 2388 3801 2447 locst
3821 2419 3837 2435 ·

3139 2490 3195 2538 et
3219 2481 3510 2540 ciuitatem
3579 2500 3699 2560 quo
3720 2493 3842 2542 erat

3138 2623 3416 2671 uenturus
3439 2645 3454 2659 ·
3513 2612 3535 2645 ²
3551 2613 3681 2673 dice

3142 2706 3238 2764 bat
3267 2715 3461 2764 autem
3490 2707 3564 2765 ad
3594 2709 3722 2767 illos
3742 2740 3758 2755 ·

3143 2801 3347 2858 messis
3375 2801 3610 2876 quidem
3639 2821 3714 2861 co

3141 2895 3309 2969 piosa
3327 2926 3342 2941 ·
3404 2897 3647 2972 operarii
3686 2915 3762 2955 au

3143 2998 3262 3045 tem
3290 2990 3463 3064 pauci
3487 3020 3501 3035 ·
3573 3001 3774 3066 rogate

3143 3100 3286 3158 ergo
3306 3083 3448 3141 dfim
3478 3083 3679 3142 messis
3763 3077 3768 3083 ’

3144 3186 3206 3233 ut
3234 3177 3419 3235 mittat
3454 3179 3680 3253 operari

2394 3268 2439 3300 ⁶⁷
2450 3268 2689 3327 Factum
2702 3280 2788 3328 est
2799 3279 2989 3327 autem
3000 3288 3116 3327 eun
3143 3287 3213 3328 os
3231 3270 3291 3327 in
3313 3289 3562 3330 messem
3581 3290 3746 3331 suam
3765 3298 3851 3327 „a

2396 3363 2546 3420 tibus
2570 3363 2678 3421 illis
2696 3364 2753 3420 in
2776 3365 2905 3422 uia·
2949 3364 3093 3422 dixit

2396 3456 2634 3533 quidam
2663 3457 2738 3515 ad
2766 3457 2926 3517 illum
2951 3489 2964 3504 ·
3019 3457 3090 3516 Se

2396 3567 2547 3628 quor
2577 3562 2628 3609 te
2659 3569 3032 3629 quocumque

2396 3644 2561 3704 hieri⁸
2590 3646 2702 3704 dfie
2766 3646 2810 3678 ⁶⁸
2826 3658 2883 3706 et
2911 3648 2989 3705 ait
3017 3647 3095 3705 illi

2396 3739 2484 3797 ihs
2506 3771 2519 3786 ·
2580 3740 2784 3816 uulpes
2814 3740 3012 3800 foueas

2395 3833 2642 3892 habent·
2690 3845 2745 3893 et
2775 3835 3036 3895 uolucres

2395 3928 2534 3987 caeli
2569 3928 2739 3987 nidos
2767 3930 2864 3988 ubi
2893 3931 3056 4006 requi

2394 4031 2627 4080 escant·
2679 4022 2836 4081 Nam
2867 4024 3014 4083 filius

2396 4114 2649 4174 hominis
2678 4135 2799 4175 non
2830 4117 3002 4177 habet

2397 4210 2496 4268 ubi
2526 4210 2718 4287 capud
2746 4211 2992 4270 declinet
3017 4244 3031 4258 ·

2394 4303 2439 4337 ⁵⁹
2453 4304 2611 4362 Dixit
2622 4314 2810 4364 autem
2823 4306 2897 4364 ad
2914 4307 3096 4366 alteru

2399 4417 2638 4476 sequere
2668 4418 2760 4458 me
2782 4431 2796 4446 ·
2860 4401 2951 4460 ille
2981 4420 3056 4460 au

2397 4504 2514 4553 tem
2545 4494 2686 4551 dixit
2754 4494 2866 4552 dr‘ie
2896 4514 2999 4572 per

2397 4590 2556 4647 mitte
2587 4587 2726 4647 mihi
2754 4589 3007 4665 primum

3113 3361 3167 3394 *⁸
3187 3363 3270 3422 Ite
3298 3383 3435 3424 ecce
3462 3384 3578 3442 ego
3605 3369 3711 3426 mit

3113 3456 3207 3517 *to
3238 3475 3346 3518 uos
3375 3460 3522 3519 sicut
3549 3480 3625 3538 ag

3114 3550 3259 3611 ¹'‘nos
3291 3554 3434 3611 inter
3462 3554 3634 3631 lupos
3666 3586 3681 3601 ·

3146 3647 3168 3679 ⁴
3187 3648 3359 3706 nolite
3390 3661 3620 3724 portare

3146 3741 3443 3800 sacculum
3464 3773 3478 3788 ·
3537 3760 3678 3819 neqr

3145 3852 3343 3910 peram
3367 3866 3381 3881 ·
3442 3853 3631 3912 neque
3660 3835 3750 3897 cal

3148 3929 3435 3988 ciamenta
3457 3960 3471 3975 ·
3515 3930 3593 3988 Et
3623 3949 3696 3989 ne

3148 4023 3366 4081 minem
3395 4043 3498 4101 per
3527 4025 3685 4085 uiam

3149 4117 3525 4177 salutaueritis
3546 4150 3561 4165 ·
3604 4119 3626 4152 ⁶
3644 4120 3705 4177 in

3148 4228 3514 4289 quacumque
3544 4214 3623 4272 do

3148 4324 3310 4365 mum
3340 4309 3590 4383 primum
3624 4309 3684 4366 in

3147 4402 3429 4460 traueritis
3448 4432 3463 4448 ·
3536 4401 3708 4461 dicite

3147 4514 3263 4573 pax
3292 4494 3425 4555 huic
3455 4496 3658 4555 domui
3681 4526 3696 4543 ·

3149 4591 3232 4649 ‘et
3251 4591 3297 4649 si
3316 4591 3391 4649 ibi
3424 4590 3589 4649 suerit
3619 4588 3768 4648 filius

3869 517 3996 566 Pol.
4019 518 4134 567 114.
