4414 4917
687 314 774 395 48
1990 314 2400 377 SECUND-
3399 327 3488 392 [v.
3518 340 3708 398 19-47.

375 501 499 552 ποι.
523 502 644 553 215.
689 489 885 550 Amen
914 488 1048 550 dico
1076 489 1247 550 uobis
1266 520 1283 537 ·
1394 485 1425 519 *
1444 484 1489 521 ²⁶
1507 486 1702 546 Amen
1737 503 1908 546 amen
1937 485 2073 546 dico
2250 487 2325 546 de
2351 505 2448 546 me
2476 488 2607 564 ipso
2636 489 2766 548 testi
2999 487 3156 546 misit
3182 487 3277 547 ille
3303 487 3440 550 huic
3467 506 3580 551 uos
3753 508 3880 560 ποι,
3903 508 4028 559 218.

688 602 811 644 non
839 584 1032 661 potest
1059 582 1208 643 filius
1236 583 1377 661 quiq
1395 586 1424 619 *
1444 583 1615 642 uobis
1682 582 1820 659 quia
1846 599 1921 640 ue
2248 583 2516 641 monium
2542 600 2740 641 meum
2768 601 2890 643 non
2999 599 3123 641 non
3150 583 3382 642 creditis
3400 614 3416 630 ·

686 695 869 754 quam
897 677 1086 736 facere
1116 680 1195 736 ab
1219 695 1282 737 se
1396 670 1425 703 ¹¹¹
1447 678 1567 736 niet
1594 676 1739 735 hora
1762 708 1775 722 ·
1808 685 1865 735 et
1893 693 2053 736 nunc
2245 685 2333 734 est
2361 694 2565 734 uerum
2589 707 2604 723 ·
2663 674 2709 709 ⁸²
2725 677 2892 737 Alius
2997 674 3041 708 ⁸⁹
3062 674 3406 735 Scrutamini
3437 679 3590 757 scrip

687 772 800 829 nisi
827 771 1033 830 uiderit
1060 777 1226 850 patre
1390 767 1421 801 *
1442 779 1567 829 est·
1626 769 1867 847 quando
2242 780 2330 828 est
2359 770 2457 847 qui
2488 771 2781 830 testimoni
2994 778 3151 828 turas
3178 771 3240 828 in
3269 772 3481 849 quibus
3509 791 3591 850 pu

689 864 998 924 facientem
1018 896 1032 911 ·
1091 883 1243 942 quae
1387 863 1418 897 *
1440 865 1649 923 mortui
1677 863 1911 923 audient
2241 879 2343 919 um
2371 863 2511 923 dicit
2537 863 2611 923 de
2639 882 2732 923 me
2758 896 2773 911 ·
2827 862 2906 926 Et
2993 864 3124 923 tatis
3151 880 3260 923 uos
3288 865 3469 924 uitam
3500 884 3571 925 ae

688 958 846 1017 enim
874 959 996 1034 ipse
1023 958 1160 1019 facit
1187 959 1331 1019 eade
1437 976 1650 1017 uocem
1680 958 1759 1016 fili
1788 959 1849 1017 di
1871 989 1885 1005 ·
1946 968 2004 1017 et
2242 957 2398 1016 scitis
2426 959 2564 1033 quia
2591 976 2796 1018 uerum
2991 965 3215 1017 ternam
3244 959 3457 1018 habere
3475 990 3491 1006 ·

688 1061 747 1110 et
776 1052 926 1111 filius
955 1053 1213 1112 similiter
1242 1053 1299 1113 fa
1437 1053 1539 1128 qui
1567 1051 1848 1110 audierint
2241 1059 2328 1108 est
2354 1053 2750 1112 testimonium
2993 1049 3163 1111 Haec
3191 1063 3327 1111 sunt
3354 1070 3505 1129 quae
3533 1054 3668 1114 testi

688 1147 768 1205 cit
789 1177 803 1193 ·
866 1144 1092 1224 ⁵'‘'pater
1119 1149 1277 1206 enim
1305 1147 1367 1207 di
1438 1145 1636 1204 uiuent
1654 1176 1669 1191 ·
1731 1142 1775 1178 ²⁶
1796 1145 1958 1205 Sicut
2240 1144 2403 1220 quod
2431 1146 2765 1205 testificatur
2991 1143 3235 1203 ficantur
3260 1146 3335 1205 de
3363 1165 3459 1206 me
3482 1178 3496 1194 ·

685 1238 813 1316 ligit
840 1238 1020 1299 filium
1049 1251 1106 1299 et
1133 1243 1334 1301 omnia
1439 1239 1597 1297 enim
1625 1248 1789 1315 pater
1816 1240 1990 1299 habet
2242 1237 2317 1296 de
2345 1257 2439 1297 me
2463 1270 2477 1285 ·
2540 1238 2585 1272 ⁸⁸
2606 1240 2733 1300 Uos
2761 1242 2842 1301 mi
2989 1237 3036 1269 ⁴⁰
3052 1248 3108 1297 et
3138 1258 3260 1298 non
3288 1240 3461 1299 uultis
3490 1241 3696 1302 uenire

687 1334 743 1392 ei
770 1333 1023 1393 ostendit
1051 1354 1200 1412 quae
1229 1337 1356 1413 ipse
1438 1333 1619 1391 uitam
1642 1362 1658 1378 ·
1710 1331 1805 1391 Sic
1836 1334 1994 1392 dedit
2240 1332 2389 1391 sistis
2417 1331 2495 1392 ad
2522 1333 2837 1396 iohannem
2990 1333 3067 1390 ad
3094 1351 3189 1391 me
3217 1344 3280 1391 ut
3307 1334 3488 1393 uitam
3515 1335 3667 1396 habe

687 1428 829 1487 facit
854 1459 868 1474 ·
927 1428 1005 1488 Et
1031 1432 1253 1489 maiora
1280 1430 1372 1490 his
1437 1435 1495 1484 et
1523 1426 1643 1486 filio
1671 1427 1854 1485 uitam
1882 1429 1941 1487 in
2239 1435 2298 1484 et
2325 1427 2721 1487 testimonium
2990 1427 3097 1485 atis
3115 1458 3129 1472 ·
3202 1425 3244 1460 ⁴¹
3265 1426 3529 1487 Gloriam

688 1521 957 1581 ostendet
983 1523 1037 1581 ei
1064 1534 1228 1599 pater
1440 1537 1504 1578 se
1532 1519 1744 1580 habere
1764 1551 1778 1567 ·
1837 1518 1881 1554 ⁸⁷
1898 1521 1976 1580 Et
2003 1540 2084 1599 po
2240 1519 2489 1578 reddidit
2515 1523 2741 1580 ueritati
2760 1554 2774 1568 ·
2990 1520 3068 1578 ab
3094 1519 3431 1580 hominibus
3459 1540 3582 1581 non
3761 1600 3768 1605 ¹

688 1625 753 1674 ut
778 1632 889 1674 uos
918 1615 1283 1675 admiremini
1304 1649 1318 1665 ·
1436 1622 1702 1672 testatem
1731 1614 1887 1673 dedit
2238 1612 2416 1689 ¹⁴⁴Ego
2429 1624 2620 1673 autem
2631 1633 2752 1673 non
2771 1617 2848 1675 ab
2858 1615 2938 1676 ho
2991 1614 3218 1690 accipio
3241 1645 3256 1660 ·
3319 1612 3364 1646 ⁴²
3383 1614 3664 1691 Cognoui

684 1706 1219 1782 ”Quomodoenim
1229 1721 1392 1789 pater
1439 1706 1517 1765 illi
1546 1716 1603 1766 et
1631 1707 1906 1767 iudicium
1938 1708 1994 1768 fa
2240 1707 2395 1764 mine
2423 1708 2756 1767 testimoniii
2989 1707 3146 1764 enim
3175 1724 3286 1767 uos
3312 1709 3452 1785 quia
3479 1728 3602 1768 non

686 1805 925 1863 suscitat
944 1815 1205 1865 mortuos
1439 1801 1630 1861 ciendi
1653 1832 1668 1848 ·
1731 1803 1867 1878 quia
1894 1802 1974 1861 fili
2240 1800 2469 1877 accipio
2494 1832 2508 1847 ·
2575 1800 2692 1860 Sed
2719 1802 2828 1862 hec
2989 1800 3215 1860 habetis
3235 1801 3545 1861 dilectione

686 1908 744 1957 et
771 1898 1028 1957 uiuificat
1050 1929 1065 1945 ·
1128 1898 1218 1958 Ita
1246 1911 1304 1960 et
1437 1913 1508 1954 us
1536 1906 1624 1954 est
1651 1895 1906 1954 hominis
1930 1928 1944 1943 ·
2240 1894 2375 1952 dico
2403 1904 2465 1952 ut
2493 1912 2602 1953 uos
2631 1896 2789 1955 salue
2989 1895 3050 1953 di
3078 1896 3138 1954 in
3165 1897 3334 1955 uobis
3353 1927 3368 1943 ·
3427 1896 3471 1928 ⁴⁸
3489 1896 3623 1974 Ego

684 1991 836 2050 filius
864 2009 1015 2068 quos
1041 1993 1250 2051 uultui
1437 1985 1482 2021 ’⁸
1499 1989 1677 2048 nolite
1704 1991 1899 2048 mirari
1926 1991 2039 2049 hoc
2061 2023 2076 2039 ·
2239 1988 2380 2045 mini
2400 2020 2414 2034 ·
2478 1988 2636 2047 “Ille
2665 1990 2767 2048 fuit
2797 1990 2857 2048 lu
2989 1990 3148 2048 enim
3174 1991 3309 2048 ueni
3338 1991 3399 2048 in
3428 1992 3595 2050 nomi

682 2086 880 2145 nificat
899 2117 913 2132 ·
976 2083 1021 2116 ²²
1037 2085 1179 2145 Non
1208 2088 1365 2146 enim
1439 2081 1597 2154 Quia
1624 2083 1816 2142 ueniet
1845 2083 1989 2143 hora
2011 2115 2026 2131 ·
2239 2101 2416 2142 cerna
2442 2083 2652 2142 ardens
2680 2095 2737 2143 et
2765 2082 2825 2142 lu
2989 2101 3066 2141 ne
3094 2084 3273 2159 patris
3301 2085 3418 2143 mei
3445 2094 3503 2143 et
3529 2103 3652 2144 non

683 2191 852 2257 pater
878 2180 1095 2239 iudicat
1123 2199 1299 2256 quem
1438 2175 1499 2234 in
1528 2193 1646 2253 qua
1673 2178 1865 2236 omnis
1893 2178 1995 2254 qui
2240 2193 2380 2235 cens
2404 2208 2418 2223 ·
2482 2177 2608 2237 Uos
2635 2188 2831 2238 autem
2989 2178 3283 2253 recepistis
3312 2197 3409 2237 me
3432 2209 3447 2224 ·
3472 2209 3489 2225 ·

686 2292 865 2352 quam
885 2305 900 2320 ·
963 2274 1080 2333 Sed
1105 2274 1321 2334 iudicifi
2240 2269 2502 2331 uoluistis
2530 2272 2786 2330 exultare
2993 2269 3055 2330 Si
3083 2271 3228 2330 alius
3256 2272 3482 2330 uenerit
3509 2273 3572 2331 in

686 2424 865 2468 omne
893 2406 1053 2466 dedit
1081 2406 1198 2467 filio
1222 2439 1235 2452 ·
1438 2401 1651 2463 fuerint
1678 2404 1738 2463 in
1767 2421 1949 2464 monu
2241 2402 2318 2460 ad
2346 2401 2554 2461 horam
2583 2403 2643 2461 in
2672 2402 2891 2464 lumine
2990 2403 3227 2464 nomine
3257 2422 3365 2464 suo
3392 2404 3556 2462 illum

683 2500 808 2559 ”ut
836 2519 1045 2560 omnes
1072 2500 1321 2560 honorifi
1441 2508 1642 2558 mento
1670 2500 1904 2558 audient
1937 2517 2018 2559 uo
2241 2495 2364 2554 eius
2384 2526 2398 2541 ·
2459 2496 2622 2573 ³⁶ego
2645 2507 2842 2556 autem
2862 2498 2940 2557 ha
2992 2499 3321 2574 accipietis·
3350 2530 3362 2545 ·
3403 2500 3448 2531 ⁴⁴
3467 2498 3609 2572 Quo

688 2604 825 2654 cent
853 2595 1032 2653 filiurn
1054 2625 1068 2640 ·
1127 2594 1290 2653 Sicut
1441 2610 1570 2652 cem
1597 2593 1749 2651 illius
1805 2591 1921 2651 ”et
1950 2593 2118 2670 prodi
2242 2590 2356 2648 beo
2385 2590 2777 2649 testimonium
2989 2593 3174 2651 modo
3202 2593 3444 2669 potestis
3471 2610 3581 2652 uos

687 2687 1036 2748 honorificat
1065 2694 1226 2764 patre
1441 2695 1542 2745 ent
1564 2717 1578 2733 ·
1639 2696 1698 2745 et
1724 2688 1825 2764 qui
1852 2689 2011 2746 bona
2241 2685 2430 2742 maius
2458 2683 2716 2743 iohanne
2740 2715 2754 2730 ·
2797 2703 2913 2762 ope
2990 2685 3226 2745 credere
3247 2718 3261 2732 ·
3328 2686 3579 2746 Gloria-

690 2780 813 2854 Qui
830 2780 1180 2841 honorificat
1198 2781 1385 2840 filiu-·
1440 2788 1743 2856 gesserunt
1770 2782 1829 2840 in
1859 2799 2024 2839 resur
2241 2796 2306 2836 ra
2332 2778 2489 2836 enim
2519 2796 2670 2853 quae
2699 2779 2857 2838 dedit
2990 2781 3065 2838 ab
3092 2779 3345 2838 inuicem
3373 2781 3562 2857 accipi

687 2875 1033 2934 honorificat
1060 2886 1287 2952 patrem
1438 2874 1756 2933 rectionem
1781 2876 1934 2933 uitae
1958 2906 1972 2921 ·
2240 2871 2384 2928 mihi
2412 2881 2576 2948 pater
2603 2882 2665 2930 ut
2694 2891 2799 2949 per
2990 2883 3153 2933 entes
3177 2904 3191 2920 ·
3256 2872 3332 2932 Et
3360 2874 3608 2950 gloriam

687 2970 790 3045 qui
817 2987 951 3027 eum
974 2970 1128 3050 misit
1150 3000 1163 3014 ·
1440 2967 1541 3043 qui
1568 2977 1765 3026 autem
1792 2969 1947 3026 mala
1976 2969 2036 3026 in
2240 2965 2437 3053 ficiam
2464 2965 2559 3025 illa
2626 2966 2753 3041 ipsa
2780 2985 2819 3025 o
2990 2968 3068 3026 ab
3096 2985 3169 3026 eo
3199 2969 3297 3044 qui
3325 2969 3484 3027 solus
3513 2968 3582 3028 ds

684 3058 925 3120 “Amen
953 3080 1126 3122 amen
1154 3062 1290 3122 dico
1439 3063 1923 3121 resurrectionem
2239 3076 2383 3134 pera
2410 3077 2561 3136 quae
2590 3078 2704 3136 ego
2733 3059 2885 3121 facio
2990 3071 3079 3120 est
3107 3080 3228 3121 non
3257 3063 3493 3138 queritis
3511 3093 3526 3109 ·

686 3155 857 3214 uobis
882 3185 897 3200 ·
919 3188 932 3201 ·
997 3156 1135 3232 quia
1163 3158 1264 3234 qui
1437 3155 1635 3214 iudicii
1657 3188 1671 3202 ·
1719 3156 1763 3189 ⁸⁰
1781 3156 1920 3216 Non
1940 3163 2121 3234 possa
2238 3152 2614 3212 testificantur
2642 3153 2714 3212 de
2743 3174 2840 3214 me
2863 3185 2877 3201 ·
2988 3155 3036 3188 ⁴³
3054 3155 3248 3215 Nolite
3276 3167 3481 3233 putare
3501 3157 3644 3234 quia

683 3251 927 3308 uerbum
957 3269 1154 3309 meum
1438 3267 1554 3325 ego
1582 3267 1618 3307 a
1646 3268 1740 3308 me
1769 3251 1899 3326 ipso
1928 3250 2117 3310 facere
2240 3252 2383 3323 qfim
2411 3258 2572 3323 pater
2601 3266 2695 3306 me
2726 3249 2880 3307 misit
2903 3275 2917 3290 ·
2990 3267 3105 3325 ego
3135 3253 3429 3309 accusabo
3458 3269 3569 3310 uos

684 3345 849 3404 audit
867 3376 881 3391 ·
941 3344 1019 3403 Et
1050 3344 1248 3405 credet
1439 3343 1756 3418 quicquam
1776 3374 1790 3389 ·
1859 3343 1975 3402 Sed
2005 3346 2052 3404 si
2238 3340 2348 3399 ⁸‘'et
2365 3342 2465 3417 qui
2493 3342 2647 3400 misit
2666 3360 2759 3401 me
2777 3353 2940 3420 pater
2990 3344 3146 3420 apud
3175 3355 3403 3420 patrem
3425 3376 3440 3391 ·
3482 3345 3592 3404 Est

684 3439 741 3497 ei
769 3440 869 3515 qui
899 3457 993 3497 rne
1021 3440 1176 3498 misit
1206 3471 1220 3486 ·
1440 3445 1536 3496 cut
1565 3435 1740 3495 audio
1769 3436 1965 3496 iudico
1984 3468 1999 3484 ·
2239 3436 2361 3511 ipse
2389 3436 2721 3495 testificatur
2991 3437 3089 3513 qui
3119 3456 3229 3497 uos
3257 3449 3493 3498 accuset

685 3532 861 3592 habet
886 3535 1067 3592 uitam
1094 3552 1165 3592 ae
1438 3529 1513 3587 Et
1541 3528 1818 3588 iudicium
1857 3547 2056 3590 meum
2239 3529 2312 3588 de
2341 3547 2436 3588 me
2460 3561 2475 3575 ·
2535 3529 2592 3587 N
2596 3548 2782 3607 equae
2811 3536 2890 3590 ῐιὸ
2991 3528 3233 3607 Moyses
3262 3533 3324 3589 in
3352 3551 3529 3608 quem
3557 3550 3672 3592 uos

685 3636 911 3685 ternam
934 3659 948 3673 ·
1007 3626 1085 3684 Et
1114 3627 1174 3685 in
1438 3625 1653 3683 iustum
1682 3635 1770 3683 est
1791 3655 1805 3671 ·
1877 3625 2015 3702 quia
2239 3642 2450 3684 uocem
2478 3625 2601 3684 eius
2629 3636 2899 3701 umqua‘·
2990 3627 3232 3702 speratis
3256 3657 3270 3673 ·
3329 3627 3374 3660 ⁴⁶
3393 3625 3454 3686 Si
3480 3627 3626 3685 eni-

685 3720 903 3780 iudicio
930 3738 1053 3778 non
1081 3737 1156 3779 ue
1439 3735 1564 3776 non
1592 3736 1775 3796 quero
1805 3718 1986 3777 uolun
2239 3717 2481 3778 audistis
2500 3750 2514 3764 ·
2578 3718 2787 3795 Neque
2990 3719 3372 3779 credidisseti⁸
3400 3721 3589 3798 moysi
3611 3751 3627 3767 ·

686 3815 809 3875 niet
890 3815 996 3873 sed
1022 3824 1182 3873 tmns
1436 3821 1614 3870 tatem
1641 3831 1834 3871 meam
1856 3844 1871 3858 ·
1938 3811 2056 3871 Sed
2238 3813 2486 3888 figuram
2514 3813 2637 3870 eius
2664 3813 2723 3871 ui
2991 3823 3049 3872 et
3076 3814 3217 3872 mihi
3244 3814 3554 3874 crederetis
3573 3844 3589 3860 ·

687 3909 821 3967 sibit
848 3926 884 3967 a
911 3918 1099 3967 morte
1434 3907 1792 3965 uoluntatem
1822 3906 1946 3964 eius
2239 3907 2401 3966 distis
2426 3938 2440 3953 ·
2501 3905 2545 3938 ³⁸
2563 3917 2620 3966 et
2647 3908 2880 3966 uerbu-
2990 3907 3084 3966 De
3107 3925 3202 3966 me
3233 3910 3393 3967 enim
3421 3909 3512 3967 ille
3540 3909 3693 3987 scrip

729 4034 742 4049 ·
769 4033 783 4049 ·
835 4003 893 4060 in
923 4003 1102 4060 uitam
1128 4025 1206 4053 1-
1437 4002 1536 4076 qui
1556 4019 1650 4059 me
1669 4001 1847 4058 misit·
1869 3998 1976 4058 ³¹Si
1994 4017 2107 4076 ego
2238 4001 2363 4059 eius
2391 4019 2515 4059 non
2543 4001 2770 4060 habetis
2990 4002 3064 4061 sit
3086 4033 3101 4047 ·
3161 4001 3207 4034 ⁴⁷
3224 4003 3270 4060 si
3300 4013 3497 4061 autem
3526 4003 3676 4062 illius

728 4127 742 4142 ·
767 4128 779 4143 ·
805 4121 887 4149 „e-
931 4122 1175 4145 .....
1220 4119 1303 4146 w
1400 4095 1403 4100 ’
1435 4095 1829 4155 testimonium
1858 4093 1992 4153 dico
2238 4105 2574 4154 manentem
2608 4096 2669 4152 in
2697 4114 2777 4155 uo
2990 4095 3286 4172 scripturis
3315 4114 3438 4155 non
3467 4115 3564 4155 cre

2238 4190 2327 4250 bis
2347 4222 2361 4237 ·
2424 4190 2560 4267 quia
2586 4207 2764 4267 quem
2991 4190 3125 4252 ditis
3208 4189 3512 4268 quomodo
