4414 4917
451 484 576 534 1⁸01.
598 488 688 538 70.

732 309 817 396 36

736 481 893 559 prosi
917 512 930 527 ·
999 478 1299 539 ‘'Accessit

737 577 812 636 ad
842 593 977 635 eum
1005 574 1211 633 mulier

738 671 799 729 H
806 671 987 729 abens
1014 667 1255 727 uasculii

736 763 1016 840 unguenti
1046 761 1192 838 preti

706 938 714 947 ἢ
735 858 822 918 osi
848 889 862 904 ·
905 866 962 918 et
989 855 1195 914 infudit

736 969 909 1028 super
937 950 1129 1027 capud
1160 949 1282 1008 eius

735 1046 1110 1105 recumbente
1140 1043 1200 1119 ip

736 1158 805 1198 so
826 1171 841 1185 ·
906 1139 927 1171 ⁸
943 1137 1226 1196 Uidentes
1255 1153 1330 1194 au

735 1244 853 1291 tem
886 1231 1148 1307 discipuli
1175 1229 1298 1288 eius
1322 1259 1336 1273 ·

734 1326 1023 1401 indignati
1044 1334 1179 1383 sunt

741 1420 1037 1479 dicentes·
1080 1429 1143 1476 ut
1172 1415 1312 1494 quid

740 1514 988 1593 perditio
1018 1513 1164 1570 haec
1189 1543 1203 1557 ·

740 1608 763 1641 ⁹
781 1607 976 1666 Potuit
1004 1605 1155 1664 istud
1184 1623 1264 1662 un

742 1711 1020 1779 guentum
1051 1716 1246 1758 uenun

741 1795 866 1854 dari
893 1794 1078 1872 pretio
1105 1802 1162 1851 et
1192 1792 1268 1850 da

741 1889 787 1947 ri
817 1887 1162 1965 pauperibus

741 1981 1184 2058 ”cognoscens
1218 1982 1351 2036 aute

2033 293 2503 367 SECUNDU-

1486 477 1531 510 ¹⁴
1548 475 1723 534 Tunc
1753 475 1889 535 abiit
1914 492 2064 534 unus

1488 569 1561 628 de
1591 569 1900 628 duodecim
1925 600 1938 615 ·

1487 664 1587 740 qui
1617 663 1820 721 dicitur
1848 662 2015 722 iudas

1489 759 1738 818 scariota
1762 788 1775 803 ·
1820 755 1896 814 ad

1488 851 1780 928 principes
1809 867 1972 908 sacer

1489 945 1692 1004 dotum
1733 942 1778 976 ¹³
1796 953 1853 1002 et
1881 944 1958 1002 ait
1987 943 2027 1001 il

1489 1039 1557 1096 lis
1581 1070 1594 1085 ·
1639 1036 1779 1114 quid
1807 1036 1904 1094 uul

1488 1134 1559 1191 tis
1588 1130 1727 1190 mihi
1756 1133 1894 1190 dare
1923 1141 1980 1190 et

1488 1245 1601 1303 ego
1629 1244 1763 1285 eum
1792 1226 1960 1285 uobis

1492 1320 1716 1378 tradam
1740 1351 1754 1365 ·
1778 1351 1790 1364 ·
1838 1328 1895 1377 at
1923 1318 2002 1376 illi

1493 1414 1909 1474 constituerunt

1493 1509 1548 1567 ei
1578 1508 1808 1584 triginta
1839 1516 1927 1565 sta

1494 1611 1643 1660 teres
1668 1632 1681 1647 ·
1745 1599 1789 1633 ¹⁶
1802 1598 2033 1658 Exinde

1495 1696 1773 1772 querebat
1804 1711 1953 1770 opor

1495 1790 1803 1848 tunitatem
1873 1798 1935 1847 ut

1498 1901 1633 1942 eum
1662 1882 1913 1941 traderet

1499 1977 1583 2035 eis
1602 2008 1615 2023 ·
1680 1975 1724 2009 ¹⁷
1741 1977 1929 2053 prima
1957 1992 2032 2032 au

743 2076 834 2135 ihs
851 2077 928 2134 ait
943 2075 1075 2132 illis·
1106 2073 1247 2150 quid
1308 2084 1483 2136 cenadi
1500 2081 1618 2129 tem
1647 2087 1984 2146 azymorum
2007 2098 2022 2114 ·

744 2169 972 2229 molesti
1001 2168 1134 2227 estis
1164 2184 1266 2224 mu

742 2262 865 2323 lieri
934 2280 1084 2339 opus
1109 2261 1266 2319 enim

748 2493 973 2552 bonum
1002 2498 1243 2566 operata

751 2595 839 2644 est
866 2586 926 2641 in
954 2601 1050 2641 me
1075 2614 1090 2629 ·
1147 2580 1189 2613 ²¹
1209 2579 1455 2657 Semper

752 2679 907 2738 enim
935 2693 1221 2753 pauperes

750 2771 1035 2830 habebitis
1060 2769 1230 2827 uobis

754 2883 890 2925 cum
914 2895 928 2910 ·
971 2882 1066 2922 me
1095 2871 1291 2920 autem

753 2977 878 3019 non
907 2975 1138 3033 semper
1166 2955 1243 3013 ha

751 3052 962 3112 bebitis
987 3075 1001 3089 ·
1069 3046 1114 3081 ¹²
1128 3048 1363 3106 mittens

750 3147 907 3205 enim
936 3143 1043 3202 hec
1069 3175 1082 3190 ·
1114 3160 1349 3219 unguen

750 3250 876 3299 tum
906 3238 1017 3298 hoc
1046 3238 1107 3296 in
1137 3254 1237 3296 cor

754 3352 866 3412 pus
895 3350 1091 3391 meum
1117 3364 1130 3378 ·

752 3428 1086 3506 peliendum
1116 3443 1212 3484 me
1242 3423 1295 3483 fe

753 3524 833 3583 cit
856 3555 870 3569 ·
930 3522 973 3555 ¹³
991 3523 1185 3580 Amen
1215 3523 1346 3577 aute

757 3617 891 3677 dico
922 3616 1091 3676 uobis
1115 3647 1128 3660 ·
1174 3614 1275 3672 ubi

754 3729 1005 3787 cumque
1033 3709 1200 3767 fuerit

753 3805 1116 3883 predicatum
1143 3819 1294 3860 euan

755 3900 968 3978 gelium
1001 3898 1113 3958 hoc
1144 3899 1205 3955 in
1232 3907 1294 3955 to

755 4004 817 4053 to
847 3993 1070 4052 mundo
1099 3991 1228 4049 dice

756 4097 849 4147 tur
871 4117 886 4134 ·
929 4096 986 4145 et
1014 4085 1174 4163 quod
1202 4084 1257 4143 fe

759 4184 839 4241 cit
865 4181 1010 4239 haec
1041 4181 1100 4237 in
1128 4196 1324 4238 memo

757 4277 902 4334 riam
929 4274 1105 4350 ipsius
1126 4303 1139 4318 ·

1203 3330 1279 3389 ad
1308 3348 1372 3389 se

1499 2165 1885 2225 Accesserunt
1913 2163 2001 2221 dis

1503 2257 1677 2335 cipuli
1706 2255 1783 2315 ad
1810 2256 1930 2314 ihm

1506 2482 1765 2542 dicentes
1787 2481 1839 2540 ei
1865 2511 1879 2526 ·
1923 2479 2041 2539 Ubi

1502 2576 1593 2633 uis
1621 2592 1893 2651 paremus
1922 2574 2023 2632 tibi

1503 2686 1744 2747 pascam
1772 2668 1993 2726 mandu

1504 2781 1636 2822 care
1660 2793 1673 2808 ·
1737 2761 1782 2794 ¹⁸
1800 2762 1879 2820 At
1900 2761 1992 2820 ille
2011 2760 2152 2820 dixit
2171 2791 2184 2805 ·

1504 2857 1593 2916 Ite
1622 2858 1683 2914 in
1712 2856 2004 2915 ciuitatem

1504 2950 1580 3009 ad
1608 2950 1904 3026 quendam
1980 2958 2039 3007 et

1504 3043 1675 3102 dicite
1743 3044 2018 3118 magister

1502 3138 1638 3197 dicit
1668 3170 1681 3183 ·
1727 3136 1991 3213 Tempus

1505 3249 1704 3290 meum
1731 3249 1918 3307 prope
1947 3241 2035 3289 est
2054 3260 2067 3275 ·

1507 3326 1667 3402 Aput
1696 3335 1751 3383 te
1781 3323 1992 3382 faciam
2020 3341 2127 3399 pas

1509 3437 1580 3479 ca
1609 3436 1745 3477 cum
1775 3417 2070 3492 discipulis

1509 3513 1687 3571 meis·
1750 3509 1792 3542 ¹⁹
1810 3521 1868 3568 et
1902 3511 2031 3569 fece

1509 3615 1642 3664 runt
1669 3604 1937 3681 discipuli

1509 3701 1655 3759 sicut
1683 3698 1979 3758 constituit

1507 3794 1615 3853 illis
1643 3793 1731 3851 ihs
1756 3824 1769 3838 ·
1813 3802 1871 3851 et
1898 3809 2041 3868 para

1510 3898 1717 3946 uerunt
1745 3885 1966 3963 paseha

1509 3979 1554 4013 ²⁰
1572 3980 1832 4058 Uespere
1860 3990 2056 4039 autem

1512 4076 1667 4134 facto
1697 4074 1989 4132 discubuit

1512 4188 1648 4228 cum
1677 4168 1989 4228 duodecim

1509 4261 1809 4341 discipulis
1831 4291 1846 4308 ·

2289 474 2329 508 ²¹
2349 476 2424 533 Et
2453 474 2755 534 edentibus
2782 474 2889 534 illis

2291 570 2431 628 dixit
2454 600 2467 615 ·
2512 571 2705 627 Amen

2293 664 2425 723 dieo
2452 664 2619 722 uobis
2647 662 2797 739 quod

2293 776 2444 816 unus
2472 777 2544 816 ex
2572 758 2742 816 uobis

2293 851 2602 909 traditurus
2630 861 2719 910 est

2295 963 2390 1002 me
2414 976 2429 990 ·
2493 943 2537 978 ²²
2554 944 2631 1003 Et
2659 945 2877 1004 contris

2295 1038 2394 1096 tati
2424 1038 2594 1096 nimis
2684 1057 2791 1098 coe

2294 1143 2503 1208 perunt
2529 1132 2718 1191 dicere

2296 1226 2506 1302 singuli
2534 1245 2677 1284 num

2297 1321 2437 1397 quid
2465 1338 2578 1397 ego
2607 1340 2737 1379 sum
2766 1320 2882 1379 diie

2299 1416 2342 1449 ²³
2359 1416 2439 1473 At
2467 1416 2591 1491 ipse
2621 1434 2837 1492 respon

2300 1509 2444 1569 dens
2474 1511 2553 1568 ait
2573 1541 2588 1555 ·
2633 1511 2731 1586 qui
2760 1510 2819 1568 in

2300 1605 2522 1680 tinguet
2551 1622 2785 1663 mecum

2303 1716 2544 1756 manum
2613 1699 2675 1757 in
2703 1717 2780 1775 pa

2304 1792 2531 1868 rapside
2560 1792 2653 1850 hic
2683 1811 2778 1851 me

2304 1885 2489 1945 tradet
2507 1917 2520 1931 ·
2579 1884 2623 1918 ²⁴
2640 1885 2717 1944 Et
2745 1885 2822 1944 fili

2304 1998 2374 2037 us
2402 1980 2638 2055 quidem
2666 1979 2705 2038 h
2740 1978 2818 2039 ho

2308 2074 2481 2131 minis
2508 2074 2668 2131 uadit
2696 2074 2743 2131 si

2306 2178 2403 2227 cut
2431 2168 2710 2245 scriptum

2307 2271 2395 2320 est
2424 2262 2495 2320 de
2525 2279 2597 2321 eo
2621 2292 2634 2307 ·
2700 2260 2830 2320 Uae

2307 2366 2500 2413 autem
2527 2354 2749 2414 homini
2777 2355 2856 2413 illi

2307 2509 2410 2567 per
2439 2509 2614 2568 quem
2642 2491 2789 2549 filius

2310 2585 2561 2644 hominis
2591 2586 2751 2644 trade

2313 2689 2405 2738 tur
2423 2710 2436 2723 ·
2481 2681 2704 2737 bonum

2312 2783 2434 2832 erat
2463 2773 2541 2831 illi
2570 2775 2616 2831 si
2646 2790 2770 2831 non

2312 2864 2511 2924 fuisset
2539 2874 2710 2925 natus

2314 2960 2496 3018 homo
2525 2960 2616 3019 ille
2635 2992 2648 3005 ·

2312 3051 2358 3087 ²³
2379 3055 2768 3131 Respondens
2798 3073 2873 3114 au

2315 3158 2432 3206 tem
2462 3149 2627 3206 iudas
2657 3150 2754 3225 qui

2315 3242 2623 3300 traditurus
2651 3252 2773 3300 erat

2313 3354 2449 3393 eum
2477 3334 2649 3393 dixit·
2696 3353 2837 3393 num

2313 3429 2454 3505 quid
2482 3447 2596 3505 ego
2624 3447 2755 3488 sum

2315 3523 2480 3582 rabbi
2505 3548 2518 3561 ·
2563 3523 2663 3581 Ait
2692 3524 2771 3581 illi

2316 3616 2406 3674 ihs
2490 3626 2552 3675 tu
2580 3616 2818 3675 dixisisti
2838 3648 2851 3663 ·

2314 3707 2359 3742 ²⁶
2377 3709 2529 3786 Ipsis
2560 3720 2753 3768 autem
2783 3728 2852 3769 ce

2315 3804 2586 3863 nantibus
2609 3834 2622 3849 ·
2666 3803 2757 3861 Ac

2317 3897 2471 3975 cepit
2499 3897 2587 3955 ihs
2615 3907 2819 3973 pane-

2318 4003 2375 4050 et
2402 3992 2758 4051 benedicens
2776 4022 2790 4036 ·

2317 4085 2484 4162 fregit
2511 4096 2567 4143 et
2595 4085 2755 4143 dedit

2320 4180 2619 4257 discipulis
2648 4180 2766 4238 suis
2791 4211 2804 4225 ·

2318 4282 2376 4332 et
2405 4276 2513 4334 ait·
2556 4275 2805 4350 Accipte

2316 4378 2371 4426 et
2400 4368 2748 4427 manducate

3352 315 3564 379 [xxvt.
3590 318 3745 382 6—34.

3043 474 3183 535 Hoc
3212 485 3299 535 est
3327 494 3539 554 corpus

3046 589 3241 630 meum
3268 602 3283 616 ·
3345 569 3389 603 ²⁷
3407 583 3464 629 et
3492 572 3618 630 acci

3049 666 3214 743 piens
3243 665 3520 723 calicem·

3049 760 3262 836 gratias
3290 777 3470 834 agens
3499 759 3573 818 de

3052 853 3134 911 dit
3161 852 3269 911 illis
3298 853 3500 911 dicens
3525 885 3539 899 ·

3052 946 3229 1004 bibite
3259 965 3333 1004 ex
3363 946 3475 1005 hoc
3504 965 3607 1005 om

3054 1057 3159 1098 nes
3186 1075 3198 1089 ·
3264 1038 3306 1071 Β*
3326 1040 3418 1098 hic
3447 1051 3535 1099 est
3562 1046 3659 1099 eni

3054 1134 3292 1209 sanguis
3320 1152 3484 1192 meus
3557 1155 3561 1160 ·

3056 1230 3194 1287 noui
3224 1228 3552 1287 testamenti
3575 1253 3588 1266 ·

3056 1323 3154 1398 qui
3183 1340 3294 1399 pro
3323 1323 3515 1381 multis
3537 1322 3604 1381 ef

3054 1415 3326 1474 fundetur
3353 1416 3412 1474 in
3440 1435 3501 1474 re

3056 1511 3303 1569 misione
3332 1529 3514 1588 pecca

3059 1615 3282 1664 torum·
3344 1603 3388 1638 ²⁹
3406 1605 3558 1663 Dico
3587 1622 3662 1662 au

3059 1708 3178 1756 tem
3205 1698 3374 1757 uobis
3397 1730 3410 1743 ·
3456 1717 3578 1757 non

3059 1793 3259 1851 bibam
3287 1792 3503 1851 amodo

3061 1886 3133 1944 de
3163 1885 3273 1946 hac
3303 1897 3563 1944 creatura

3061 1980 3193 2038 uitis
3215 2011 3229 2025 ·
3289 1998 3472 2057 usque
3501 1980 3561 2036 in

3063 2073 3218 2132 diem
3246 2073 3405 2131 illum
3430 2104 3443 2118 ·
3489 2072 3642 2131 Cum

3063 2167 3203 2226 illud
3231 2169 3429 2226 bibam
3458 2163 3625 2225 uobis

3065 2279 3200 2321 cum
3227 2261 3286 2318 in
3313 2279 3497 2335 regno
3524 2278 3602 2336 pa

3063 2356 3163 2412 tris
3189 2355 3303 2413 mei
3323 2386 3338 2400 ·
3379 2353 3425 2386 ⁸⁰
3441 2353 3518 2412 Et
3542 2371 3724 2431 ymno

3041 2527 3044 2530 -
3066 2488 3222 2547 dicto
3251 2489 3513 2546 exierunt

3065 2582 3125 2641 in
3154 2593 3356 2641 monte
3385 2582 3581 2641 oliueti
3605 2612 3620 2628 ·

3066 2675 3109 2708 ³¹
3127 2675 3299 2735 Tunc
3330 2677 3468 2735 dicit
3495 2676 3601 2734 illis
3629 2674 3718 2733 ihs

3066 2788 3275 2829 omnes
3304 2788 3412 2828 uos
3441 2788 3585 2827 scan

3067 2863 3264 2922 dalum
3291 2864 3590 2940 patiemini

3067 2958 3128 3015 in
3157 2975 3253 3016 me
3281 2958 3341 3014 in
3370 2957 3521 3016 hista
3549 2975 3664 3017 noc

3067 3062 3124 3110 te
3148 3083 3161 3098 ·
3207 3052 3480 3129 scriptum
3512 3064 3600 3111 est

3068 3147 3224 3204 enim
3252 3147 3569 3222 percutiam

3069 3251 3365 3316 pastorem
3392 3250 3447 3298 et
3476 3240 3565 3297 dis

3068 3344 3380 3411 pergentur
3407 3352 3554 3393 oues

3068 3429 3263 3506 gregis
3287 3459 3300 3474 ·
3327 3459 3341 3474 ·
3404 3428 3449 3461 ³²
3468 3427 3583 3487 Sed

3069 3534 3382 3600 postquam
3411 3541 3574 3581 resur

3068 3636 3274 3676 rexero
3311 3616 3612 3694 preceda*

3070 3730 3179 3770 uos
3208 3712 3266 3768 in
3294 3711 3500 3787 galilea
3522 3741 3536 3756 ·
3567 3743 3650 3752 —

3070 3805 3115 3837 ⁸³
3134 3805 3525 3882 Respondens
3553 3813 3734 3863 aute-

3071 3911 3269 3978 petrus
3295 3900 3373 3958 ait
3401 3901 3491 3957 ei·
3539 3900 3597 3959 Si

3071 4013 3279 4054 omnes
3309 3994 3638 4053 scandaliza

3070 4088 3287 4147 buntur
3317 4089 3377 4146 in
3405 4098 3460 4146 te
3556 4106 3670 4164 ego

3072 4200 3396 4259 numquam
3423 4182 3644 4241 scanda

3071 4278 3289 4337 lizabor
3310 4313 3322 4326 ·
3385 4276 3428 4309 ⁸⁴
3451 4277 3585 4335 dicit
3612 4276 3693 4334 illi

3071 4371 3159 4432 ihs
3184 4399 3197 4412 ·
3243 4390 3415 4431 amen
3445 4371 3577 4431 dico
3606 4371 3707 4430 tibi

3769 486 3894 537 li'ol.
3918 488 4011 537 71.
