4414 4917
615 343 705 397 tx,
728 338 918 409 9—37.]
1943 328 2292 392 LUCAN·
3541 324 3621 407 87

308 518 448 575 1¹01.
467 521 573 575 ul.
618 525 731 585 ego
759 506 936 567 audio
964 504 1099 564 talia
1121 535 1134 551 ·
1198 514 1257 563 et
1369 502 1689 580 ¹⁰Acceptis
1705 486 1898 563 autem
1915 504 2057 581 quin
2167 502 2213 536 ²³
2232 502 2479 563 Dicebat
2509 512 2704 562 autem
2732 502 2808 563 ad
2919 501 3213 580 refulgens
3232 534 3247 550 ·
3291 502 3337 536 ⁸⁰
3351 512 3409 562 et
3436 521 3576 563 eece
3647 516 3770 564 rol.
3793 517 3913 565 118.

617 602 898 680 querebat
925 599 1085 659 illum
1114 600 1172 658 ui
1367 616 1480 676 que
1508 617 1690 675 panes
1718 608 1777 658 et
1806 598 1992 659 duobs
2168 615 2375 657 omnes
2398 628 2413 644 ·
2479 598 2528 656 si
2556 597 2688 675 quis
2920 597 3038 656 duo
3067 598 3174 656 uiri
3202 597 3496 676 loqueban

618 694 753 757 dere
777 726 791 741 ·
814 726 828 741 ·
851 725 866 742 ·
913 691 1040 753 ¹⁰Et
1068 711 1233 752 reuer
1366 684 1622 770 piscibus
1650 694 1902 770 respexit
2169 690 2295 748 uult
2324 701 2459 767 post
2486 709 2580 750 me
2607 692 2744 751 ueni
2919 701 3010 749 tur
3038 710 3173 750 cum
3202 691 3300 751 illo
3325 723 3339 738 ·
3383 702 3547 751 erant

617 790 667 849 si
695 788 947 866 apostoli
976 807 1083 847 nar
1366 787 1427 844 in
1455 788 1645 846 celum
1672 796 1731 847 et
1759 787 2007 847 benedix
2167 804 2229 845 re
2259 786 2511 863 abneget
2539 805 2599 846 se
2629 787 2760 864 ipsu
2781 818 2796 833 ·
2920 795 3111 844 autem
3138 804 3371 863 moyses
3397 796 3455 845 et
3485 787 3559 845 he

612 892 884 943 rauemnt
911 883 991 942 illi
1019 901 1132 960 que
1365 881 1439 940 sit
1468 899 1640 957 super
1668 881 1799 940 illos
1826 892 1885 941 et
1913 880 2001 942 dis
2166 889 2225 938 et
2252 880 2475 939 sublata
2503 899 2673 940 cruce
2916 878 3022 937 lias
3083 877 3126 912 ⁸¹
3145 879 3252 938 uisi
3281 880 3341 937 in
3362 881 3607 940 maiesta

615 995 865 1055 cumque
895 977 1151 1037 fecerunt
1170 1007 1185 1024 ·
1362 975 1557 1033 tribuit
1584 975 1881 1052 discipulis
2167 991 2274 1033 sua
2301 985 2570 1052 sequatur
2595 994 2691 1035 me
2714 1006 2729 1023 ·
2917 982 2974 1030 te
3002 983 3060 1032 et
3086 972 3356 1032 dicebant
3382 992 3557 1034 exces

613 1069 691 1130 Et
717 1072 997 1131 adsumtis
1025 1071 1133 1130 illis
1363 1078 1426 1128 ut
1454 1078 1738 1145 ponerent
1766 1080 1899 1129 ante
2166 1064 2210 1100 ²⁴
2230 1066 2349 1140 Qui
2377 1070 2535 1127 enim
2562 1070 2806 1130 uoluerit
2918 1084 3046 1124 sum
3073 1067 3195 1126 eius
3257 1087 3433 1146 quem
3461 1086 3579 1128 con

613 1166 849 1225 secessit
870 1171 1068 1225 seorst‘t
1362 1163 1560 1223 turbas
1622 1162 1666 1197 ¹⁷
1682 1173 1739 1222 et
1758 1165 2048 1224 manduca
2167 1162 2428 1220 animam
2455 1182 2622 1222 suam
2651 1164 2736 1224 sal
2917 1161 3173 1238 pleturus
3199 1172 3319 1221 erat
3346 1164 3406 1221 in
3433 1162 3494 1221 hi

614 1259 675 1318 in
700 1258 898 1318 locum
925 1259 1153 1319 desertii
1173 1289 1188 1306 ·
1361 1268 1568 1317 uerunt
1595 1267 1653 1317 et
1686 1260 1919 1318 saturati
2163 1274 2303 1315 uam
2329 1255 2517 1316 facere
2544 1276 2649 1334 per
2916 1256 3201 1315 erusalem
3224 1288 3240 1302 ·
3286 1254 3330 1289 ⁸²
3347 1257 3549 1316 Petrus

613 1352 774 1431 quod
797 1363 884 1413 est
911 1353 1133 1412 bethsai
1364 1362 1501 1411 sunt
1556 1362 1616 1411 et
1642 1353 1869 1412 sublatfi
1897 1362 2017 1412 est·
2165 1350 2262 1408 det
2290 1351 2445 1410 illam
2470 1382 2484 1398 ·
2544 1350 2702 1411 Nam
2915 1367 3056 1409 uero
3084 1360 3141 1408 et
3168 1351 3269 1428 qui
3297 1369 3431 1411 cum
3459 1351 3557 1409 illo

612 1446 689 1506 da
711 1478 726 1493 ·
768 1446 811 1480 ²¹
829 1447 990 1525 quod
1016 1458 1152 1507 cum
1180 1464 1297 1524 cog
1363 1447 1522 1523 quod
1552 1448 1843 1523 superauit
1869 1449 1978 1506 illis
2164 1445 2266 1523 qui
2295 1445 2605 1522 perdiderit
2913 1453 3078 1502 erant
3105 1446 3330 1520 grauati
3358 1454 3564 1504 somn⁰

612 1542 913 1601 nouissent
928 1542 1127 1603 turbae
1360 1539 1819 1617 fragmentorum
1848 1560 1921 1603 co
2164 1540 2420 1598 animam
2454 1557 2620 1599 suam
2914 1548 2973 1596 et
3002 1533 3305 1613 uigilantes
3372 1539 3507 1599 uide

611 1645 806 1696 secute
835 1645 969 1696 sunt
990 1636 1089 1696 illu
1113 1667 1128 1682 ·
1361 1635 1507 1693 fin0⁸
1535 1635 1846 1695 duodecim
1870 1669 1970 1684 ·—
2163 1643 2402 1710 propter
2429 1652 2523 1694 me
2605 1634 2703 1696 hic
2915 1640 3049 1689 runt
3077 1633 3435 1692 maiestatem
3463 1634 3589 1693 eius

612 1739 669 1787 et
694 1731 910 1806 ”cepit
937 1729 1065 1789 illos
1085 1740 1142 1790 et
1167 1730 1228 1791 lo
1359 1726 1486 1788 ¹⁸Et
1505 1728 1721 1789 sactum
1737 1739 1826 1790 est
1844 1748 1979 1789 cum
1995 1750 2058 1791 es
2163 1726 2389 1786 saluam
2418 1727 2587 1788 faciet
2616 1729 2657 1788 il
2913 1733 2971 1784 et
3000 1724 3149 1784 duos
3176 1727 3335 1785 uiros
3363 1728 3462 1803 qui
3493 1737 3582 1786 sta

614 1826 902 1901 quebatur
930 1824 1039 1883 illis
1062 1824 1135 1883 de
1359 1833 1511 1883 esset
1531 1841 1708 1884 orans
1736 1842 1896 1884 secre
2161 1818 2280 1879 lam
2300 1851 2313 1867 ·
2357 1818 2402 1853 ²⁵
2420 1821 2581 1893 Quid
2608 1825 2765 1882 enim
2913 1821 3054 1878 bant
3071 1837 3207 1879 cum
3226 1820 3350 1880 illo·
3385 1820 3614 1881 ”Etfac

611 1936 795 1994 regno
825 1918 884 1977 di
906 1949 922 1965 ·
992 1928 1048 1977 et
1075 1937 1179 1980 eos
1360 1926 1450 1976 tae
1474 1948 1488 1963 ·
1552 1927 1715 1976 erant
1744 1935 1878 1977 cum
1907 1918 2005 1978 illo
2161 1915 2391 1991 proficit
2418 1916 2601 1976 homo
2913 1923 3038 1971 tum
3059 1924 3147 1973 est
3174 1932 3310 1973 cum
3338 1914 3572 1975 discede

610 2014 711 2088 qui
737 2031 878 2072 cura
905 2011 1101 2088 indige
1360 2022 1417 2070 et
1445 2010 1714 2088 discipuli
1733 2043 1746 2057 ·
1790 2010 1868 2070 Et
1896 2012 2042 2072 inter
2162 2009 2212 2067 si
2246 2009 2492 2069 lucretur
2517 2011 2619 2069 uni
2913 2016 3039 2065 rent
3067 2008 3142 2066 ab
3169 2008 3268 2067 illo
3291 2040 3305 2055 ·
3390 2010 3469 2068 ait
3497 2027 3574 2086 pe

611 2107 750 2166 bant
778 2107 1022 2167 sanabat
1042 2138 1057 2153 ·
1359 2106 1590 2182 rogauit
1623 2105 1751 2165 illos
1780 2105 1982 2167 dicens
2007 2140 2020 2154 ·
2159 2120 2394 2161 uersum
2419 2104 2643 2163 mundti
2914 2110 3034 2159 trus
3061 2102 3135 2161 ad
3158 2102 3280 2160 ihm
3299 2134 3314 2149 ·
3356 2122 3573 2182 precep

610 2198 808 2261 ”Dies
836 2211 1031 2261 autem
1059 2219 1240 2278 coepe
1359 2217 1534 2278 quem
1560 2219 1656 2259 me
1684 2200 1884 2260 dicunt
1910 2220 1974 2261 es
2162 2214 2224 2255 se
2252 2206 2444 2255 autem
2472 2198 2675 2273 perdat
2913 2204 3006 2254 tor
3031 2196 3255 2254 bonum
3282 2206 3371 2255 est
3396 2215 3509 2257 nos

609 2304 695 2354 rat
723 2294 1009 2354 declinare
1030 2326 1043 2342 ·
1087 2292 1164 2355 Et
1357 2313 1418 2354 se
1441 2297 1639 2354 turbae
1662 2326 1676 2342 ·
1720 2295 1845 2353 ¹⁹At
1871 2295 1950 2354 illi
1977 2315 2037 2355 re
2160 2300 2219 2349 et
2245 2290 2653 2350 detrimentum
2912 2287 3007 2348 hic
3034 2307 3161 2347 esse
3228 2289 3307 2349 Et
3334 2290 3615 2352 faciamus

608 2398 974 2449 accesserunt
1002 2388 1121 2448 duo
1357 2388 1715 2466 sponderunt
1741 2399 1799 2447 et
1819 2389 1953 2450 dixe
2162 2383 2335 2444 saciat
2354 2415 2370 2431 ·
2411 2382 2455 2417 ²⁶
2471 2384 2630 2444 Nam
2657 2386 2758 2465 qui
2912 2384 3282 2443 tabernacula
3302 2386 3410 2443 tria
3433 2415 3448 2432 ·

606 2483 795 2543 decim
824 2482 1088 2560 discipuli
1116 2483 1240 2542 eius
1359 2493 1494 2542 runt
1517 2513 1530 2529 ·
1577 2482 1906 2543 Iohannem
2102 2481 2107 2484 ⁴
2160 2498 2255 2539 me
2283 2481 2569 2540 erubuerit
2911 2479 3012 2536 tibi
3041 2496 3224 2538 unum
3250 2509 3264 2525 ·
3323 2478 3400 2538 Et
3427 2497 3613 2539 unum

606 2624 663 2673 et
684 2614 952 2674 dixerunt
971 2613 1050 2673 illi
1069 2645 1084 2661 ·
1141 2614 1306 2674 dimit
1358 2614 1670 2691 baptistam
1695 2646 1710 2661 ·
1770 2615 1865 2674 alii
2157 2621 2215 2670 et
2244 2628 2410 2670 meos
2437 2628 2737 2671 sermones
2911 2610 3100 2686 moysi
3118 2640 3133 2655 ·
3203 2620 3260 2670 et
3287 2628 3473 2670 unum

605 2719 659 2768 te
687 2709 916 2769 turbam
983 2719 1047 2768 ut
1073 2719 1207 2768 eant
1357 2719 1551 2768 autem
1578 2708 1791 2768 heliam
1810 2741 1824 2756 ·
1889 2710 1986 2769 alii
2157 2704 2316 2765 hunc
2344 2705 2492 2764 filius
2519 2705 2775 2766 hominis
2908 2703 3093 2762 heliae
3161 2705 3433 2764 nesciens

608 2804 761 2863 circa
788 2803 1026 2862 castella
1050 2812 1108 2862 et
1134 2802 1214 2862 uil
1355 2821 1497 2863 uero
1525 2805 1663 2881 quia
1689 2804 1916 2879 profeta
2157 2799 2476 2859 confundet
2504 2817 2640 2858 cum
2668 2818 2740 2859 ue
2908 2797 3051 2874 quid
3077 2797 3291 2858 diceret
3316 2829 3418 2846 ·—·

603 2894 688 2956 las
715 2906 772 2955 et
800 2896 1062 2956 reficiant
1090 2914 1153 2955 se
1353 2915 1506 2956 unus
1535 2898 1605 2957 de
1634 2898 1923 2974 prioribus
2155 2894 2305 2953 nerit
2334 2895 2395 2951 in
2423 2894 2723 2953 maiestate
2907 2890 3131 2952 ³⁴Haec
3159 2902 3353 2953 autem
3381 2893 3479 2953 illo
3507 2894 3568 2955 lo

603 3001 666 3049 ut
692 2991 991 3050 inueniant
1017 3008 1181 3051 escas
1200 3021 1216 3039 ·
1354 2992 1599 3050 surrexit
1622 3022 1637 3039 ·
1695 2989 1741 3023 ²⁰
1757 2990 1923 3052 Dixit
2155 3006 2261 3047 sua
2287 2997 2345 3047 et
2372 2988 2550 3065 patris
2577 2997 2634 3048 et
2662 2995 2764 3049 sc'o
2908 2995 3122 3065 quente
3193 2986 3344 3047 sacta
3371 2999 3457 3048 est

604 3084 739 3161 quia
766 3084 862 3144 hic
890 3085 951 3142 in
977 3083 1114 3143 loco
1137 3083 1301 3144 deser
1351 3095 1544 3144 autem
1573 3085 1681 3145 illis
1702 3116 1717 3132 ·
1777 3104 1886 3147 uos
1915 3104 1992 3146 au
2152 3100 2284 3140 rum
2313 3082 2661 3159 angelorum
2686 3113 2701 3130 ·
2731 3114 2815 3127 —
2909 3081 3080 3139 nubis
3108 3090 3165 3140 et
3194 3082 3468 3142 inumbra

604 3188 665 3236 to
692 3196 894 3239 sumus
914 3210 929 3225 ·
983 3178 1026 3211 ¹⁸
1036 3179 1137 3238 Ait
1164 3184 1297 3238 aute
1349 3189 1467 3238 tem
1495 3197 1704 3256 queme
1731 3197 1860 3239 esse
2151 3172 2361 3236 ”Dico
2379 3186 2572 3236 autem
2587 3178 2756 3236 uobis
2783 3195 2856 3237 ue
2906 3176 2991 3232 uit
3018 3192 3122 3234 eos
3149 3185 3206 3234 et
3232 3177 3412 3235 timue

601 3270 676 3331 ad
704 3272 833 3332 illos
903 3272 1033 3331 date
1051 3273 1160 3331 illis
1187 3291 1297 3333 uos
1348 3272 1535 3332 dicitis
1554 3304 1568 3319 ·
1635 3273 1880 3350 Respon
2151 3269 2329 3348 aliqui
2345 3281 2477 3330 sunt
2487 3271 2580 3331 hic
2594 3281 2722 3330 stan
2770 3268 2855 3352 [re
2907 3278 3041 3326 runt
3068 3300 3084 3316 ·
3133 3268 3212 3328 Et
3238 3271 3471 3330 intranti

602 3366 949 3425 manducare
970 3398 984 3414 ·
1049 3377 1108 3425 at
1135 3366 1214 3425 illi
1350 3367 1494 3427 dens
1524 3377 1718 3426 autem
1746 3368 1940 3427 simon
2151 3374 2238 3423 tes
2267 3366 2369 3443 qui
2397 3384 2520 3425 non
2548 3375 2718 3442 gusta
2906 3364 3016 3421 bus
3045 3362 3151 3422 illis
3179 3364 3242 3421 in
3269 3366 3425 3424 nube

600 3459 864 3520 dixerunt
931 3479 1054 3520 non
1084 3469 1217 3520 sunt
1350 3473 1547 3538 petrus
1575 3461 1717 3521 dixit
1740 3493 1754 3508 ·
1820 3467 1965 3537 xpm
1985 3493 1999 3509 ·
2151 3462 2298 3519 bunt
2325 3470 2578 3519 mortem
2611 3460 2691 3519 do
2906 3455 3107 3515 ³⁵on
3136 3456 3287 3515 sacta
3314 3467 3400 3516 est
3429 3457 3500 3517 de
3525 3476 3609 3518 nu

600 3552 661 3611 in
687 3555 861 3613 nobis
882 3555 1015 3631 plus
1035 3573 1215 3633 quam
1348 3556 1407 3615 di
1428 3588 1442 3604 ·
1486 3553 1525 3588 ⁸¹
1546 3565 1605 3614 at
1632 3553 1723 3614 ille
1753 3556 1914 3616 incre
2152 3571 2260 3612 nec
2276 3552 2890 3629 uideantregnfidiue-
2906 3550 2980 3608 be
3008 3550 3207 3609 dicens
3275 3550 3371 3611 hic
3398 3560 3485 3609 est

597 3648 853 3726 quinque
881 3667 1064 3727 panes
1092 3659 1149 3710 et
1175 3650 1255 3708 du
1348 3667 1496 3727 pans
1524 3649 1653 3709 illos
1682 3668 1852 3728 prece
2102 3645 2131 3679 *
2156 3644 2200 3680 ⁹³
2217 3647 2461 3706 Factum
2489 3656 2576 3706 est
2603 3655 2797 3705 autem
2907 3643 3058 3702 filius
3085 3662 3249 3702 meus
3277 3643 3426 3704 dilec

598 3758 667 3800 os
688 3743 877 3820 pisces
895 3773 910 3790 ·
962 3744 1072 3802 nisi
1093 3761 1297 3804 eamus
1348 3744 1433 3821 pit
1460 3762 1533 3803 ne
1562 3744 1659 3802 cui
1687 3743 1831 3803 haec
1861 3743 1988 3803 dice
2103 3737 2132 3771 *¹
2156 3749 2292 3817 post
2321 3739 2464 3799 haec
2493 3742 2669 3799 uerba
2699 3770 2714 3786 ·
2906 3747 2997 3796 tus
3026 3738 3219 3814 ipsum
3245 3738 3436 3797 audite
3453 3768 3468 3785 ·

595 3845 652 3894 et
678 3854 941 3898 emamus
969 3838 1029 3896 in
1058 3843 1237 3898 omne
1348 3847 1476 3896 rent
1498 3868 1513 3883 ·
1538 3869 1552 3884 ·
1617 3833 1876 3897 ”dicens
2150 3834 2267 3892 fere
2295 3844 2431 3910 post
2459 3833 2580 3893 dies
2609 3843 2745 3893 octo
2770 3864 2786 3881 ·
2906 3832 2949 3865 ³⁶
2970 3840 3027 3890 et
3055 3831 3194 3889 dum
3222 3831 3286 3889 fit
3311 3848 3432 3891 uox
3461 3832 3524 3890 in

598 3931 827 3990 turbam
857 3931 1009 3991 hanc
1038 3950 1204 3992 escas
1224 3963 1239 3979 ·
1348 3932 1509 4009 quod
1531 3940 1759 4008 oportet
1788 3931 1868 3990 fili
2150 3927 2228 3986 Et
2257 3927 2537 3987 adsumsit
2564 3938 2791 4005 petrum
2906 3935 3114 3986 uentus
3141 3935 3228 3985 est
3257 3926 3346 3984 ihs
3374 3943 3445 3985 so

598 4024 639 4057 ¹⁴
655 4023 837 4085 Erant
851 4028 1008 4085 enim
1025 4028 1134 4086 uiri
1155 4028 1296 4105 quin
1345 4045 1449 4085 um
1465 4026 1718 4086 hominis
1747 4024 1869 4083 mul
2150 4020 2856 4081 etiohannem·etiacobfl
2906 4020 2994 4079 lus
3063 4029 3120 4079 et
3149 4020 3259 4097 ipsi
3287 4029 3457 4079 tacue

595 4136 706 4197 que
724 4119 884 4178 milia
902 4151 917 4166 ·
961 4121 1040 4180 ait
1056 4127 1187 4181 aute
1206 4121 1295 4182 ihs
1344 4130 1404 4179 ta
1431 4121 1551 4196 pati
1579 4129 1635 4179 et
1661 4119 1911 4196 reproba
2150 4126 2207 4176 et
2237 4115 2494 4176 ascendit
2524 4117 2585 4175 in
2613 4134 2758 4175 mon
2907 4123 3039 4172 runt
3106 4124 3164 4172 et
3192 4113 3411 4172 nemini

595 4212 671 4271 ad
698 4213 1017 4291 discipulos
1047 4233 1185 4276 suos
1346 4215 1393 4272 ri
1421 4233 1457 4273 a
1485 4214 1847 4292 principibus
2152 4221 2270 4270 tem
2300 4220 2362 4269 ut
2388 4221 2580 4270 oraret
2599 4243 2613 4257 ·
2657 4207 2786 4270 ”Et
2905 4208 3048 4267 nihil
3077 4208 3345 4267 dixerunt
3382 4208 3444 4266 in

595 4305 765 4367 facite
794 4307 923 4366 illos
950 4307 1178 4368 discum
1344 4308 1710 4369 sacerdotum
1737 4318 1794 4367 et
1822 4325 1885 4367 se
2152 4305 2294 4365 dum
2323 4315 2448 4364 orat
2517 4304 2672 4365 sacta
2703 4316 2792 4365 est
2904 4301 3016 4361 illis
3043 4300 3246 4361 diebus
3272 4320 3346 4361 ex
3375 4301 3468 4361 his

595 4400 726 4460 bere
754 4420 859 4479 per
886 4403 1159 4462 conuiuia
1346 4403 1607 4463 nioribus
1635 4410 1693 4460 et
1721 4401 1837 4461 scri
2151 4409 2384 4477 spectus
2411 4409 2677 4476 aspectus
2906 4415 3018 4476 que
3047 4396 3310 4456 uiderant
3334 4429 3348 4443 ·

591 4496 1040 4575 quinquagenos
1070 4495 1201 4557 ¹⁶Et
1217 4498 1296 4558 ita
1344 4497 1435 4556 bis
1452 4529 1466 4544 ·
1509 4506 1566 4555 et
1588 4495 1802 4555 occidi·
1832 4502 2025 4571 etpost
2151 4495 2277 4554 eius
2306 4494 2484 4553 altera
2506 4524 2520 4539 ·
2585 4503 2643 4552 et
2672 4511 2774 4553 ues
2906 4493 2949 4525 ³⁷
2968 4493 3213 4552 Factum
3240 4501 3328 4551 est
3356 4502 3549 4552 autem

593 4587 850 4649 fecerunt
883 4599 940 4648 et
968 4589 1211 4651 discubu
1345 4601 1459 4652 tres
1487 4590 1610 4651 dies
1636 4607 1930 4667 resurgere
2150 4590 2288 4649 titus
2316 4588 2439 4648 eius
2470 4586 2754 4648 candidus
2908 4588 3171 4665 sequenti
3200 4587 3293 4647 die

1003 4694 1170 4750 esunt
