4414 4917
542 343 649 391 ΧΠ.
671 336 865 404 4—33.]

315 527 416 575 201.
436 527 515 575 28.
541 524 663 567 care
682 532 695 546 ·
739 520 937 581 neque
964 501 1057 560 his

541 600 635 678 qui
665 616 804 658 cum
832 596 932 656 illo
959 614 994 654 e

539 705 695 754 rant·
739 692 855 751 nisi
884 690 1022 750 soliS

541 787 934 850 sacerdotibus

541 884 688 943 ⁸Aut
714 900 840 941 non
866 877 1087 956 legistis

544 981 600 1037 in
627 978 757 1054 lege
821 975 957 1052 quia

547 1071 802 1132 sabbatis
837 1085 1005 1128 sacer

547 1168 706 1227 dotes
731 1167 794 1224 in
823 1161 1044 1238 templo
1067 1192 1081 1207 ·

550 1263 853 1321 sabbatum
880 1257 981 1316 uio

548 1356 666 1416 lant
734 1363 793 1413 et
819 1353 942 1411 sine

552 1450 788 1510 crimine
816 1455 952 1505 sunt
973 1469 988 1485 ·

549 1542 729 1604 ⁰Dico
757 1552 954 1601 autem
980 1556 1060 1596 uo

551 1642 636 1702 bis
725 1637 862 1715 quia
888 1634 984 1691 hic

552 1734 736 1794 maius
762 1740 851 1791 est
878 1738 1040 1804 qua-

552 1827 831 1906 templum
850 1852 863 1865 ·
922 1820 1018 1880 ''Si

554 1936 744 1985 autem
773 1917 993 1979 sciretis

555 2019 687 2097 quid
717 2016 789 2074 sit
870 2012 953 2070 mi

557 2111 925 2175 sericordiam

554 2210 686 2271 uolo
754 2215 813 2267 et
839 2219 961 2262 non
988 2216 1056 2257 sa

558 2303 832 2365 crificium

560 2399 897 2474 Numquam
926 2406 1045 2449 con

562 2527 938 2594 demnassetis
965 2524 1026 2582 in

564 2636 869 2692 nocentes·
929 2616 1074 2676 ⁸d1‘1s

562 2727 714 2786 enim
740 2730 831 2779 est
858 2710 1083 2775 sabbati
1107 2740 1120 2755 ·

563 2822 707 2879 filius
733 2809 993 2875 hominis
1011 2833 1024 2847 ·

563 2915 665 2974 ’Et
692 2906 976 2971 transiens
1002 2898 1138 2958 inde

564 3007 716 3068 uenit
741 3005 803 3063 in
831 3010 1134 3076 synagoga

565 3118 762 3162 eorum
784 3124 798 3138 ·
842 3091 977 3151 ²⁰Et
1004 3104 1148 3147 ecce

565 3207 681 3255 erat
708 3194 789 3252 ibi
814 3190 997 3248 homo
1024 3199 1124 3240 ma

564 3308 702 3349 num
730 3287 954 3345 habens
981 3276 1064 3337 ari

571 3668 639 3725 tis
665 3680 868 3723 curare
895 3668 959 3716 ut
986 3669 1163 3714 accus

1763 321 1897 380 MA
1915 307 2232 380 TTHEU
2253 350 2268 365 ·

1289 496 1562 576 ¹'quanto
1592 496 1783 573 magis
1811 493 1945 553 meli

1290 614 1356 654 or
1384 604 1470 652 est
1497 593 1678 652 homo
1705 609 1817 650 oue

1294 689 1497 765 Itaque
1524 688 1658 746 licet
1686 686 1869 745 sabba

1294 784 1365 842 tis
1391 780 1733 841 benefacere
1754 806 1767 819 ·

1295 876 1525 935 ¹³Tunc
1554 875 1631 933 ait
1659 871 1881 931 homini

1294 970 1543 1030 extende
1573 985 1814 1026 manum

1296 1076 1458 1124 tuam
1540 1073 1597 1121 et
1624 1059 1882 1120 extendit

1297 1173 1356 1219 et
1384 1159 1639 1218 restituta
1666 1164 1754 1214 est
1782 1172 1848 1212 sa

1300 1273 1378 1313 na
1407 1254 1553 1312 sicut
1580 1251 1791 1308 altera·

1301 1346 1606 1406 1‘Farisaei
1629 1353 1824 1402 autem
1853 1357 1969 1399 con

1300 1442 1487 1502 silium
1517 1443 1869 1513 acceperunt

1301 1538 1579 1597 aduersus
1611 1548 1746 1590 eum
1778 1540 1843 1588 ut

1303 1649 1440 1691 eum
1468 1627 1777 1706 perderent
1797 1650 1842 1676 ·.

1303 1726 1438 1783 ¹⁵At
1458 1723 1548 1781 ihs
1570 1721 1761 1781 sciens
1824 1732 1987 1776 seces

1306 1822 1378 1880 sit
1403 1819 1539 1877 inde
1598 1824 1657 1874 et
1685 1829 1862 1888 seque

1304 1916 1473 1974 batur
1498 1928 1634 1970 eum
1661 1908 1829 1966 turba

1308 2008 1487 2067 multa
1505 2032 1519 2046 ·
1564 2014 1622 2062 et
1650 2019 1791 2061 cura

1308 2105 1407 2162 bat
1435 2118 1539 2160 eos
1566 2112 1774 2158 omnes
1799 2122 1812 2135 ·
1860 2093 1990 2152 ”Et

1308 2194 1602 2277 praecepit
1628 2193 1712 2252 eis
1737 2200 1801 2249 ut

1311 2311 1384 2350 ne
1414 2287 1821 2368 peruulgarent

1310 2405 1446 2445 eum
1466 2414 1480 2429 ·
1536 2384 1579 2418 ¹⁷
1591 2381 1669 2440 Ut
1697 2378 1950 2455 adimple

1309 2531 1463 2580 retur
1490 2515 1650 2593 quod
1679 2513 1773 2574 dic

1311 2625 1435 2673 tum
1464 2620 1553 2670 est
1580 2626 1684 2686 per
1712 2625 1745 2666 e

1312 2709 1495 2767 saiam
1523 2703 1792 2782 profeta-

1312 2803 1605 2861 dicentem
1630 2824 1643 2837 ·

1312 2896 1521 2955 ¹⁸Ecce
1550 2910 1692 2971 puer
1720 2907 1889 2949 meus

1316 2998 1331 3024 ‘
1353 3009 1530 3069 quem
1557 2987 1704 3063 elegi
1724 3013 1736 3025 ·
1773 2985 1831 3043 di

1316 3088 1535 3146 ‘lectus
1561 3099 1725 3140 meus
1752 3081 1812 3137 in

1316 3189 1330 3214 ‘
1353 3200 1472 3259 quo
1498 3179 1647 3236 bene
1677 3193 1792 3235 con

1316 3285 1330 3310 ‘
1353 3274 1567 3354 placuit
1596 3272 1793 3331 anima
1859 3257 1873 3270 ’

1316 3379 1329 3404 ‘
1353 3390 1485 3430 mea
1507 3397 1520 3410 ·
1565 3383 1786 3446 ponam

1313 3471 1330 3499 ⁸
1352 3483 1525 3542 super
1558 3479 1693 3522 eum
1722 3463 1855 3534 spm

1317 3567 1332 3593 ‘
1356 3577 1555 3619 meum
1574 3584 1587 3597 ·
1632 3555 1710 3613 Et
1736 3551 1857 3611 iudi

1317 3659 1332 3685 ‘
1355 3655 1513 3714 cium
1546 3648 1814 3727 gentibus

575 3769 765 3819 sarent
793 3772 930 3814 eum
951 3782 999 3797 ··
1062 3745 1250 3823 ¹¹Ipse
1319 3755 1332 3780 ‘
1357 3743 1734 3808 adnuntiabit.

575 3866 764 3913 autern
793 3848 935 3909 dixit
961 3844 1045 3903 eis
1069 3868 1081 3882 ·

575 3949 697 4025 quis
724 3955 813 4005 est
837 3960 911 4000 ex
939 3937 1109 3998 uobis

576 4042 753 4103 homo
779 4038 880 4115 qui
907 4034 1083 4093 habet

578 4155 745 4196 ouem
773 4148 957 4193 unam
1018 4126 1077 4185 Si
1107 4142 1175 4183 ce

580 4231 770 4290 ciderit
793 4229 906 4286 ista
935 4223 1117 4281 sabba

577 4326 642 4383 tis
667 4327 726 4383 in
756 4323 991 4381 foueam
1024 4333 1144 4375 non

578 4418 790 4478 tenebit
817 4432 954 4475 eam
982 4421 1040 4470 et
1065 4409 1153 4468 ele

1023 4504 1182 4564 uabit

1324 3850 1339 3879 ‘
1359 3843 1532 3902 ¹⁹non
1561 3834 1876 3900 contendet

1324 3945 1337 3970 ‘
1363 3956 1471 3997 nec
1500 3932 1770 3996 clamabit
1793 3956 1804 3969 ·

1325 4038 1341 4066 ‘
1363 4032 1573 4107 Neque
1603 4026 1797 4086 audiet
1825 4023 1901 4082 ali

1323 4135 1338 4163 ‘
1361 4128 1490 4204 quis
1517 4126 1577 4183 in
1607 4121 1807 4199 plateis
1835 4137 1914 4177 uo

1325 4229 1338 4254 ‘
1363 4239 1493 4280 cem
1522 4219 1677 4278 eius·
1729 4214 1860 4271 ²⁰ha

1327 4300 1348 4350 ‘⁸
1366 4314 1672 4374 rundinem
1702 4327 1849 4388 quas

1329 4416 1343 4443 ‘
1368 4419 1552 4471 satam
1580 4424 1702 4465 non
1730 4422 1845 4464 con

2096 495 2111 522 ‘
2134 492 2378 569 fringet·
2423 491 2500 551 Et
2528 491 2568 549 li

2096 582 2110 609 ‘
2136 604 2281 645 num
2308 585 2604 662 fumigans

2099 684 2114 712 ‘
2137 698 2263 739 non
2294 680 2598 756 extinguet

2101 778 2115 805 ‘
2139 774 2295 833 done
2323 782 2507 850 ponat
2536 772 2656 831 iudi

2102 873 2116 900 ‘
2139 868 2293 927 cium
2322 866 2399 927 ad
2425 869 2642 927 uincen

2103 968 2116 993 ‘
2141 963 2315 1021 dum·
2356 959 2466 1020 ²¹et
2492 961 2553 1019 in
2580 977 2662 1019 no

2104 1061 2119 1088 ‘
2142 1057 2300 1115 mine
2329 1057 2452 1114 eius
2479 1073 2595 1132 gen
2643 1110 2650 1113 .

2104 1152 2119 1180 ‘
2143 1159 2231 1208 tes
2259 1150 2579 1227 sperabunt
2602 1181 2615 1195 ·

2102 1241 2341 1302 ”Tunc
2369 1242 2595 1301 oblatus
2623 1251 2711 1300 est

2105 1339 2159 1398 ei
2187 1337 2606 1396 daemoniacus

2106 1449 2318 1491 caecus
2346 1440 2406 1489 et
2432 1438 2628 1490 mutus

2105 1535 2163 1584 et
2190 1524 2411 1584 curauit
2437 1541 2574 1582 eum
2599 1555 2611 1570 ·

2108 1620 2200 1679 Ita
2228 1629 2292 1678 ut
2320 1634 2533 1677 caecus
2562 1628 2621 1676 et
2648 1634 2749 1675 mu

2108 1724 2202 1774 tus
2235 1714 2569 1789 loqueretur

2110 1819 2167 1867 et
2192 1807 2416 1867 uideret
2435 1832 2448 1846 ·

2109 1901 2153 1935 ²³
2171 1903 2247 1961 Et
2276 1901 2584 1978 stupebant
2610 1916 2714 1958 om

2112 2014 2220 2056 nes
2247 1997 2446 2055 turbae
2503 2004 2562 2052 et

2113 2092 2386 2151 dicebant
2444 2104 2587 2146 num

2112 2185 2252 2263 quid
2281 2184 2374 2243 hic
2402 2192 2489 2241 est
2517 2181 2596 2239 fili

2112 2299 2181 2341 us
2213 2277 2421 2338 dauid·
2463 2272 2628 2332 ²⁴fari

2114 2374 2195 2434 sei
2225 2382 2420 2431 autem
2447 2369 2582 2429 audi

2112 2516 2277 2567 entes
2303 2504 2572 2562 dixerunt
2591 2527 2604 2540 ·

2116 2597 2238 2659 Hic
2269 2617 2393 2657 non
2421 2596 2554 2655 eicit
2583 2595 2762 2653 demo

2118 2695 2217 2753 nia
2286 2691 2396 2750 nisi
2424 2692 2484 2748 in
2506 2686 2799 2748 beelzebul

2118 2788 2445 2866 principem
2474 2784 2692 2843 daemo

2120 2883 2352 2942 niorum
2371 2906 2384 2919 ·
2428 2876 2474 2912 ²⁸
2492 2877 2695 2937 Sciens

2120 2987 2318 3035 autem
2344 2974 2433 3032 ihs
2457 2971 2696 3047 cogitati

2120 3088 2266 3130 ones
2293 3086 2498 3127 eorum
2564 3066 2709 3124 dixit

2121 3165 2243 3223 eis·
2290 3161 2486 3222 Omne
2514 3170 2742 3235 regnu-

2120 3258 2374 3317 diuisum
2402 3255 2552 3312 intra
2581 3271 2644 3311 se

2122 3370 2244 3411 non
2273 3350 2475 3409 stabit·
2504 3347 2599 3405 ‘Et
2627 3364 2729 3406 om

2121 3447 2212 3505 nis
2234 3445 2435 3505 ciuitas
2463 3443 2555 3502 uel
2584 3442 2664 3500 do

2121 3559 2253 3599 mus
2282 3539 2466 3598 diuisa
2494 3545 2699 3596 contra

2123 3654 2184 3695 se
2214 3652 2339 3692 non
2366 3631 2539 3691 stabit
2558 3656 2571 3670 ·
2615 3629 2659 3663 ²⁶
2683 3627 2743 3687 Si

2122 3730 2282 3789 enim
2313 3736 2546 3785 satanas
2575 3731 2702 3782 sata

2123 3843 2243 3882 nan
2271 3818 2401 3880 eicit
2468 3818 2649 3876 aduer

2123 3936 2224 3979 sus
2253 3934 2315 3974 se
2344 3912 2562 3973 diuisus
2590 3920 2677 3970 est
2696 3935 2709 3949 ·

3483 323 3561 391 15

2861 487 3006 548 Ideo
3033 488 3158 565 ipse
3185 485 3405 546 iudices
3432 503 3468 544 e

2857 593 2993 643 runt
3020 582 3194 642 uestri
3215 607 3228 622 ·
3272 579 3317 614 ²⁸
3337 580 3398 640 Si

2860 687 3056 736 autem
3086 677 3147 735 in
3175 681 3285 752 spu
3314 676 3375 734 di

2860 791 2975 849 ego
3003 772 3327 830 daemones
3356 769 3504 830 eicio
3521 795 3536 810 ·

2858 867 3058 943 utique
3087 864 3380 943 adpropin

2861 961 3059 1038 quauit
3084 960 3145 1017 in
3173 977 3282 1018 uos
3311 977 3417 1035 reg

2860 1073 3007 1113 num
3036 1055 3097 1113 di
3115 1081 3128 1094 ·
3172 1052 3218 1088 ²⁹
3235 1054 3357 1112 Aut
3384 1066 3495 1130 quo

2861 1149 3047 1208 modo
3077 1158 3269 1225 potest
3297 1148 3427 1225 quis

2860 1243 3072 1301 intrare
3102 1243 3164 1301 in
3193 1242 3437 1302 domum

2860 1338 2988 1397 eius
3015 1337 3117 1413 qui
3147 1336 3309 1395 fortis
3337 1346 3456 1396 est·

2863 1442 2922 1492 et
2948 1450 3092 1491 uasa
3119 1431 3241 1491 eius
3269 1430 3452 1507 diripe

2863 1544 2959 1585 re·
3006 1526 3116 1583 nisi
3145 1526 3304 1601 prius
3333 1524 3432 1584 alli

2862 1620 3089 1696 gauerit
3116 1618 3323 1678 fortem
3345 1645 3359 1659 ·

2863 1724 2923 1772 et
2950 1723 3090 1772 tunc
3118 1712 3362 1772 domum
3390 1712 3471 1771 illi

2863 1824 2934 1865 us
2965 1806 3224 1882 diripiet·
3269 1804 3427 1881 ³⁰qui

2863 1919 2987 1960 non
3015 1908 3103 1958 est
3130 1917 3364 1959 mecum
3383 1926 3396 1939 ·
3433 1918 3552 1960 con

2864 2006 2954 2053 tra
2979 2012 3076 2052 me
3103 2004 3191 2053 est
3210 2019 3224 2033 ·
3267 2004 3326 2052 et
3352 1995 3452 2070 qui

2866 2106 2991 2147 non
3019 2098 3338 2164 congregat
3364 2106 3462 2147 me

2868 2199 3007 2241 cum
3029 2206 3044 2223 ·
3115 2182 3365 2258 spargit·

2869 2277 2911 2310 ⁸¹
2923 2277 3069 2336 Ideo
3091 2277 3224 2336 dico
3241 2277 3409 2337 uobis
3429 2304 3441 2317 ·
3473 2295 3576 2337 om

2872 2390 2948 2431 ne
2976 2381 3283 2447 peccatum
3308 2381 3366 2429 et
3394 2370 3521 2430 blas

2870 2503 3044 2563 semia
3071 2503 3297 2563 remitte

2871 2607 2962 2657 tur
2991 2597 3326 2657 hominibus
3346 2641 3361 2656 .

2871 2697 2972 2768 sps
3000 2700 3197 2750 autem
3224 2690 3407 2749 blasfe

2872 2786 3024 2844 miae
3048 2810 3061 2824 ·
3106 2803 3229 2844 non
3256 2785 3426 2844 remit

2872 2891 3020 2940 tetur
3047 2879 3381 2940 hominibus

2872 2973 3002 3035 ⁸²Et
3029 2975 3382 3051 quicumque
3412 2973 3512 3034 dix

2874 3070 2980 3130 erit
3006 3069 3254 3127 uerbum

2876 3173 3080 3223 contra
3107 3162 3288 3221 filium

2876 3258 3131 3317 hominis
3188 3256 3359 3315 remit

2876 3363 3024 3413 tetur
3052 3352 3137 3410 ei·
3208 3351 3309 3426 qui

2878 3456 3072 3506 autern
3101 3444 3305 3502 dixerit

2878 3549 3083 3600 contra
3111 3542 3244 3613 spm
3273 3543 3400 3597 scm
3423 3563 3437 3579 ·

2878 3652 3000 3693 non
3029 3632 3348 3690 remittetur

2876 3729 2928 3787 ei
2958 3743 3148 3802 neque
3176 3725 3237 3781 in
3266 3723 3381 3784 hoc

2876 3819 3076 3880 seculo
3136 3836 3327 3896 neque

2876 3914 2937 3972 in
2966 3913 3154 3972 futuro
3179 3944 3192 3958 ·
3215 3943 3227 3957 ·
3253 3937 3336 3965 st-

2126 4008 2449 4086 Quomodo
2480 4023 2618 4081 erga
2647 4014 2736 4062 sta
2838 4008 3045 4066 *³⁸Aut
3073 4004 3240 4064 facite
3268 4005 3415 4065 arbo

2126 4107 2210 4166 bit
2237 4120 2482 4180 regnum
2511 4101 2636 4158 eius

2837 4103 2997 4160 *rem
3025 4101 3245 4158 bonam
3267 4125 3281 4138 ·

2126 4199 2305 4259 ²“Etsi
2321 4190 2811 4272 egoinbeelzebul
2837 4197 2931 4255 *et
2958 4195 3207 4254 fructum
3236 4193 3359 4252 eius

2129 4283 2275 4343 eicio
2304 4277 2613 4339 daemonia
2635 4306 2648 4320 ·
2713 4275 2753 4333 fi
2840 4289 3099 4351 *bonum
3123 4323 3137 4338 .
3182 4287 3301 4347 Aut
3330 4286 3389 4348 fa

2129 4378 2187 4436 lii
2215 4374 2390 4437 uestri
2417 4373 2478 4432 in
2499 4389 2619 4452 quo
2645 4370 2753 4430 eici

2683 4473 2790 4523 unt

2876 4386 2988 4448 cite
3015 4384 3283 4446 arborem

3589 501 3714 551 rol.
3732 501 3831 551 29.
