<?xml version="1.0" encoding="UTF-8"?>
<!DOCTYPE html PUBLIC "-//W3C//DTD XHTML 1.0 Transitional//EN"
    "http://www.w3.org/TR/xhtml1/DTD/xhtml1-transitional.dtd">
<html xmlns="http://www.w3.org/1999/xhtml" xml:lang="en" lang="en">
 <head>
  <title>
</title>
<meta http-equiv="Content-Type" content="text/html;charset=utf-8" />
  <meta name='ocr-system' content='tesseract 3.04.00' />
  <meta name='ocr-capabilities' content='ocr_page ocr_carea ocr_par ocr_line ocrx_word'/>
</head>
<body>
  <div class='ocr_page' id='page_1' title='image "./oldlatinbiblica00wordgoog_0091.png"; bbox 0 0 4414 4917; ppageno 0'>
   <div class='ocr_carea' id='block_1_1' title="bbox 590 302 3598 385">
    <p class='ocr_par' dir='ltr' id='par_1_1' title="bbox 590 302 3598 385">
     <span class='ocr_line' id='line_1_1' title="bbox 590 302 3598 385; baseline -0.001 -18"><span class='ocrx_word' id='word_1_1' title='bbox 590 318 750 368; x_wconf 86' lang='lat' dir='ltr'>xxn.</span> <span class='ocrx_word' id='word_1_2' title='bbox 775 318 1081 383; x_wconf 81' lang='lat' dir='ltr'>27-xxr11.</span> <span class='ocrx_word' id='word_1_3' title='bbox 1101 313 1208 381; x_wconf 83' lang='lat'>31.]</span> <span class='ocrx_word' id='word_1_4' title='bbox 1805 303 1941 364; x_wconf 82' lang='lat' dir='ltr'>MA</span> <span class='ocrx_word' id='word_1_5' title='bbox 1960 302 2360 363; x_wconf 86' lang='lat' dir='ltr'><em>TTHEUM</em></span> <span class='ocrx_word' id='word_1_6' title='bbox 2375 331 2391 349; x_wconf 92' lang='lat'><strong>·</strong></span> <span class='ocrx_word' id='word_1_7' title='bbox 3519 319 3558 385; x_wconf 84' lang='lat'><strong>3</strong></span> <span class='ocrx_word' id='word_1_8' title='bbox 3573 320 3598 364; x_wconf 91' lang='lat'>1</span> 
     </span>
    </p>
   </div>
   <div class='ocr_carea' id='block_1_2' title="bbox 314 471 3861 552">
    <p class='ocr_par' dir='ltr' id='par_1_2' title="bbox 314 471 3861 552">
     <span class='ocr_line' id='line_1_2' title="bbox 314 471 3861 552; baseline -0 -16"><span class='ocrx_word' id='word_1_9' title='bbox 314 487 448 537; x_wconf 78' lang='lat'>1¹01.</span> <span class='ocrx_word' id='word_1_10' title='bbox 474 489 567 536; x_wconf 80' lang='lat'>60.</span> <span class='ocrx_word' id='word_1_11' title='bbox 590 481 852 541; x_wconf 91' lang='lat' dir='ltr'>omnium</span> <span class='ocrx_word' id='word_1_12' title='bbox 880 478 1092 538; x_wconf 89' lang='lat' dir='ltr'>defunc</span> <span class='ocrx_word' id='word_1_13' title='bbox 1342 473 1386 508; x_wconf 75' lang='lat'>⁸⁶</span> <span class='ocrx_word' id='word_1_14' title='bbox 1408 472 1689 552; x_wconf 86' lang='lat' dir='ltr'>Magister</span> <span class='ocrx_word' id='word_1_15' title='bbox 1716 474 1879 551; x_wconf 93' lang='lat' dir='ltr'>quod</span> <span class='ocrx_word' id='word_1_16' title='bbox 2148 473 2360 551; x_wconf 86' lang='lat' dir='ltr'>Neque</span> <span class='ocrx_word' id='word_1_17' title='bbox 2387 492 2560 534; x_wconf 89' lang='lat' dir='ltr'>ausus</span> <span class='ocrx_word' id='word_1_18' title='bbox 2588 484 2674 534; x_wconf 89' lang='lat' dir='ltr'>est</span> <span class='ocrx_word' id='word_1_19' title='bbox 2900 471 2963 532; x_wconf 88' lang='lat' dir='ltr'>in</span> <span class='ocrx_word' id='word_1_20' title='bbox 2991 475 3118 536; x_wconf 89' lang='lat' dir='ltr'>soro</span> <span class='ocrx_word' id='word_1_21' title='bbox 3137 506 3152 522; x_wconf 91' lang='lat'><strong>·</strong></span> <span class='ocrx_word' id='word_1_22' title='bbox 3196 485 3254 535; x_wconf 89' lang='lat' dir='ltr'>et</span> <span class='ocrx_word' id='word_1_23' title='bbox 3283 494 3434 536; x_wconf 91' lang='lat' dir='ltr'>uoca</span> <span class='ocrx_word' id='word_1_24' title='bbox 3634 487 3757 536; x_wconf 60' lang='grc' dir='ltr'><strong>ποι.</strong></span> <span class='ocrx_word' id='word_1_25' title='bbox 3775 488 3861 536; x_wconf 80' lang='grc'>01.</span> 
     </span>
    </p>
   </div>
   <div class='ocr_carea' id='block_1_3' title="bbox 589 573 1202 1290">
    <p class='ocr_par' dir='ltr' id='par_1_3' title="bbox 592 573 1115 634">
     <span class='ocr_line' id='line_1_3' title="bbox 592 573 1115 634; baseline -0.008 0"><span class='ocrx_word' id='word_1_26' title='bbox 592 585 649 634; x_wconf 89' lang='lat' dir='ltr'>ta</span> <span class='ocrx_word' id='word_1_27' title='bbox 675 585 763 633; x_wconf 91' lang='lat' dir='ltr'>est</span> <span class='ocrx_word' id='word_1_28' title='bbox 789 585 848 633; x_wconf 91' lang='lat' dir='ltr'>et</span> <span class='ocrx_word' id='word_1_29' title='bbox 875 573 1080 632; x_wconf 90' lang='lat' dir='ltr'>mulier</span> <span class='ocrx_word' id='word_1_30' title='bbox 1099 602 1115 618; x_wconf 89' lang='lat'><strong>·</strong></span> 
     </span>
    </p>

    <p class='ocr_par' dir='ltr' id='par_1_4' title="bbox 589 666 1080 727">
     <span class='ocr_line' id='line_1_4' title="bbox 589 666 1080 727; baseline -0.002 -1"><span class='ocrx_word' id='word_1_31' title='bbox 589 666 633 700; x_wconf 76' lang='lat'>²⁸</span> <span class='ocrx_word' id='word_1_32' title='bbox 650 669 710 726; x_wconf 90' lang='lat' dir='ltr'>in</span> <span class='ocrx_word' id='word_1_33' title='bbox 738 666 1080 727; x_wconf 88' lang='lat' dir='ltr'>resurrectio</span> 
     </span>
    </p>

    <p class='ocr_par' dir='ltr' id='par_1_5' title="bbox 591 756 1202 1213">
     <span class='ocr_line' id='line_1_5' title="bbox 591 756 1159 839; baseline -0.005 -18"><span class='ocrx_word' id='word_1_34' title='bbox 591 781 666 821; x_wconf 93' lang='lat' dir='ltr'>ne</span> <span class='ocrx_word' id='word_1_35' title='bbox 693 780 835 839; x_wconf 90' lang='lat' dir='ltr'>ergo</span> <span class='ocrx_word' id='word_1_36' title='bbox 864 762 1027 820; x_wconf 91' lang='lat' dir='ltr'>cuius</span> <span class='ocrx_word' id='word_1_37' title='bbox 1054 756 1159 819; x_wconf 76' lang='lat' dir='ltr'>erit</span> 
     </span>
     <span class='ocr_line' id='line_1_6' title="bbox 593 856 1066 933; baseline -0.004 -18"><span class='ocrx_word' id='word_1_38' title='bbox 593 856 665 915; x_wconf 89' lang='lat' dir='ltr'>de</span> <span class='ocrx_word' id='word_1_39' title='bbox 693 867 853 933; x_wconf 90' lang='lat' dir='ltr'>septe</span> <span class='ocrx_word' id='word_1_40' title='bbox 880 873 1029 915; x_wconf 84' lang='lat' dir='ltr'>uxor</span> <span class='ocrx_word' id='word_1_41' title='bbox 1051 886 1066 901; x_wconf 89' lang='lat'><strong>·</strong></span> 
     </span>
     <span class='ocr_line' id='line_1_7' title="bbox 593 948 1189 1010; baseline -0.005 -1"><span class='ocrx_word' id='word_1_42' title='bbox 593 948 819 1010; x_wconf 85' lang='lat' dir='ltr'>Omnes</span> <span class='ocrx_word' id='word_1_43' title='bbox 846 949 1002 1007; x_wconf 90' lang='lat' dir='ltr'>enim</span> <span class='ocrx_word' id='word_1_44' title='bbox 1031 948 1189 1006; x_wconf 89' lang='lat' dir='ltr'>habu</span> 
     </span>
     <span class='ocr_line' id='line_1_8' title="bbox 591 1039 1202 1102; baseline -0.003 0"><span class='ocrx_word' id='word_1_45' title='bbox 591 1053 758 1102; x_wconf 90' lang='lat' dir='ltr'>erunt</span> <span class='ocrx_word' id='word_1_46' title='bbox 783 1060 918 1101; x_wconf 90' lang='lat' dir='ltr'>eam</span> <span class='ocrx_word' id='word_1_47' title='bbox 938 1073 953 1088; x_wconf 91' lang='lat'><strong>·</strong></span> <span class='ocrx_word' id='word_1_48' title='bbox 1016 1039 1061 1074; x_wconf 77' lang='lat'>²⁹</span> <span class='ocrx_word' id='word_1_49' title='bbox 1079 1042 1202 1100; x_wconf 90' lang='lat' dir='ltr'>Res</span> 
     </span>
     <span class='ocr_line' id='line_1_9' title="bbox 591 1136 1081 1213; baseline -0.002 -19"><span class='ocrx_word' id='word_1_50' title='bbox 591 1136 857 1213; x_wconf 89' lang='lat' dir='ltr'>pondens</span> <span class='ocrx_word' id='word_1_51' title='bbox 885 1146 1081 1194; x_wconf 90' lang='lat' dir='ltr'>autem</span> 
     </span>
    </p>

    <p class='ocr_par' dir='ltr' id='par_1_6' title="bbox 591 1230 1022 1290">
     <span class='ocr_line' id='line_1_10' title="bbox 591 1230 1022 1290; baseline 0.002 -1"><span class='ocrx_word' id='word_1_52' title='bbox 591 1230 678 1289; x_wconf 85' lang='lat' dir='ltr'>ihs</span> <span class='ocrx_word' id='word_1_53' title='bbox 706 1231 821 1289; x_wconf 93' lang='lat' dir='ltr'>ait·</span> <span class='ocrx_word' id='word_1_54' title='bbox 865 1248 1022 1290; x_wconf 88' lang='lat' dir='ltr'>erras</span> 
     </span>
    </p>
   </div>
   <div class='ocr_carea' id='block_1_4' title="bbox 502 1325 917 1390">
    <p class='ocr_par' dir='ltr' id='par_1_7' title="bbox 502 1325 917 1390">
     <span class='ocr_line' id='line_1_11' title="bbox 502 1325 917 1390; baseline -0.014 0"><span class='ocrx_word' id='word_1_55' title='bbox 502 1327 571 1390; x_wconf 88' lang='lat' dir='ltr'>tis</span> <span class='ocrx_word' id='word_1_56' title='bbox 596 1325 917 1384; x_wconf 88' lang='lat' dir='ltr'>nescientes</span> 
     </span>
    </p>
   </div>
   <div class='ocr_carea' id='block_1_5' title="bbox 591 1420 1186 2323">
    <p class='ocr_par' dir='ltr' id='par_1_8' title="bbox 592 1420 1011 1496">
     <span class='ocr_line' id='line_1_12' title="bbox 592 1420 1011 1496; baseline -0.005 -17"><span class='ocrx_word' id='word_1_57' title='bbox 592 1420 907 1496; x_wconf 88' lang='lat' dir='ltr'>scripturas</span> <span class='ocrx_word' id='word_1_58' title='bbox 935 1436 1011 1477; x_wconf 91' lang='lat' dir='ltr'>ne</span> 
     </span>
    </p>

    <p class='ocr_par' dir='ltr' id='par_1_9' title="bbox 591 1511 1170 2152">
     <span class='ocr_line' id='line_1_13' title="bbox 592 1511 1128 1589; baseline 0 -19"><span class='ocrx_word' id='word_1_59' title='bbox 592 1531 702 1589; x_wconf 89' lang='lat' dir='ltr'>que</span> <span class='ocrx_word' id='word_1_60' title='bbox 729 1513 1001 1570; x_wconf 91' lang='lat' dir='ltr'>uirtutem</span> <span class='ocrx_word' id='word_1_61' title='bbox 1029 1511 1088 1570; x_wconf 85' lang='lat' dir='ltr'>di</span> <span class='ocrx_word' id='word_1_62' title='bbox 1113 1543 1128 1558; x_wconf 90' lang='lat'><strong>·</strong></span> 
     </span>
     <span class='ocr_line' id='line_1_14' title="bbox 591 1605 1170 1665; baseline 0 -2"><span class='ocrx_word' id='word_1_63' title='bbox 591 1605 635 1639; x_wconf 79' lang='lat'>⁸⁰</span> <span class='ocrx_word' id='word_1_64' title='bbox 650 1606 723 1664; x_wconf 91' lang='lat' dir='ltr'>In</span> <span class='ocrx_word' id='word_1_65' title='bbox 750 1606 1170 1665; x_wconf 88' lang='lat' dir='ltr'>resurrectione</span> 
     </span>
     <span class='ocr_line' id='line_1_15' title="bbox 592 1701 1011 1775; baseline -0.005 -17"><span class='ocrx_word' id='word_1_66' title='bbox 592 1701 746 1758; x_wconf 89' lang='lat' dir='ltr'>enim</span> <span class='ocrx_word' id='word_1_67' title='bbox 763 1730 778 1745; x_wconf 90' lang='lat'><strong>·</strong></span> <span class='ocrx_word' id='word_1_68' title='bbox 822 1717 1011 1775; x_wconf 91' lang='lat' dir='ltr'>neque</span> 
     </span>
     <span class='ocr_line' id='line_1_16' title="bbox 593 1795 1034 1870; baseline -0.002 -18"><span class='ocrx_word' id='word_1_69' title='bbox 593 1795 819 1852; x_wconf 90' lang='lat' dir='ltr'>nubunt</span> <span class='ocrx_word' id='word_1_70' title='bbox 845 1812 1034 1870; x_wconf 91' lang='lat' dir='ltr'>neque</span> 
     </span>
     <span class='ocr_line' id='line_1_17' title="bbox 594 1886 1088 1947; baseline 0 -3"><span class='ocrx_word' id='word_1_71' title='bbox 594 1905 801 1947; x_wconf 84' lang='lat' dir='ltr'>uxores</span> <span class='ocrx_word' id='word_1_72' title='bbox 826 1886 1050 1945; x_wconf 88' lang='lat' dir='ltr'>ducunt</span> <span class='ocrx_word' id='word_1_73' title='bbox 1073 1917 1088 1933; x_wconf 90' lang='lat'><strong>·</strong></span> 
     </span>
     <span class='ocr_line' id='line_1_18' title="bbox 596 1981 1154 2040; baseline -0.004 0"><span class='ocrx_word' id='word_1_74' title='bbox 596 1981 707 2040; x_wconf 88' lang='lat' dir='ltr'>Sed</span> <span class='ocrx_word' id='word_1_75' title='bbox 737 1991 873 2040; x_wconf 89' lang='lat' dir='ltr'>sunt</span> <span class='ocrx_word' id='word_1_76' title='bbox 901 1981 1048 2040; x_wconf 90' lang='lat' dir='ltr'>sicut</span> <span class='ocrx_word' id='word_1_77' title='bbox 1076 1999 1154 2040; x_wconf 91' lang='lat' dir='ltr'>an</span> 
     </span>
     <span class='ocr_line' id='line_1_19' title="bbox 595 2075 1019 2152; baseline -0.002 -18"><span class='ocrx_word' id='word_1_78' title='bbox 595 2076 706 2152; x_wconf 84' lang='lat' dir='ltr'>geli</span> <span class='ocrx_word' id='word_1_79' title='bbox 733 2077 794 2134; x_wconf 92' lang='lat' dir='ltr'>in</span> <span class='ocrx_word' id='word_1_80' title='bbox 822 2075 986 2135; x_wconf 92' lang='lat' dir='ltr'>caelo</span> <span class='ocrx_word' id='word_1_81' title='bbox 1006 2119 1019 2133; x_wconf 92' lang='lat'><strong>.</strong></span> 
     </span>
    </p>

    <p class='ocr_par' dir='ltr' id='par_1_10' title="bbox 594 2169 1186 2323">
     <span class='ocr_line' id='line_1_20' title="bbox 594 2169 1186 2229; baseline 0 -1"><span class='ocrx_word' id='word_1_82' title='bbox 594 2170 631 2203; x_wconf 82' lang='lat'>⁸¹</span> <span class='ocrx_word' id='word_1_83' title='bbox 650 2169 742 2229; x_wconf 94' lang='lat' dir='ltr'>De</span> <span class='ocrx_word' id='word_1_84' title='bbox 770 2169 1186 2229; x_wconf 90' lang='lat' dir='ltr'>resurrectione</span> 
     </span>
     <span class='ocr_line' id='line_1_21' title="bbox 597 2268 1115 2323; baseline -0.004 0"><span class='ocrx_word' id='word_1_85' title='bbox 597 2274 787 2323; x_wconf 88' lang='lat' dir='ltr'>autem</span> <span class='ocrx_word' id='word_1_86' title='bbox 815 2268 1115 2323; x_wconf 75' lang='lat' dir='ltr'>mortuorsr</span> 
     </span>
    </p>
   </div>
   <div class='ocr_carea' id='block_1_6' title="bbox 544 2393 1272 4238">
    <p class='ocr_par' dir='ltr' id='par_1_11' title="bbox 593 2393 1135 2549">
     <span class='ocr_line' id='line_1_22' title="bbox 594 2393 1135 2473; baseline 0 -20"><span class='ocrx_word' id='word_1_87' title='bbox 594 2413 712 2455; x_wconf 89' lang='lat' dir='ltr'>non</span> <span class='ocrx_word' id='word_1_88' title='bbox 739 2395 955 2473; x_wconf 88' lang='lat' dir='ltr'>legistis</span> <span class='ocrx_word' id='word_1_89' title='bbox 982 2393 1135 2471; x_wconf 89' lang='lat' dir='ltr'>qu⁰d</span> 
     </span>
     <span class='ocr_line' id='line_1_23' title="bbox 593 2489 1123 2549; baseline -0.006 0"><span class='ocrx_word' id='word_1_90' title='bbox 593 2489 809 2549; x_wconf 88' lang='lat' dir='ltr'>dictum</span> <span class='ocrx_word' id='word_1_91' title='bbox 837 2499 927 2548; x_wconf 88' lang='lat' dir='ltr'>est</span> <span class='ocrx_word' id='word_1_92' title='bbox 954 2490 1123 2549; x_wconf 89' lang='lat' dir='ltr'>uobis</span> 
     </span>
    </p>

    <p class='ocr_par' dir='ltr' id='par_1_12' title="bbox 593 2581 1252 2737">
     <span class='ocr_line' id='line_1_24' title="bbox 593 2581 1252 2660; baseline 0.002 -18"><span class='ocrx_word' id='word_1_93' title='bbox 593 2602 628 2642; x_wconf 90' lang='lat' dir='ltr'>a</span> <span class='ocrx_word' id='word_1_94' title='bbox 660 2584 738 2643; x_wconf 84' lang='grc' dir='ltr'>(Ιό</span> <span class='ocrx_word' id='word_1_95' title='bbox 766 2583 1000 2643; x_wconf 89' lang='lat' dir='ltr'>dicente</span> <span class='ocrx_word' id='word_1_96' title='bbox 1019 2614 1034 2630; x_wconf 91' lang='lat'><strong>·</strong></span> <span class='ocrx_word' id='word_1_97' title='bbox 1078 2581 1123 2615; x_wconf 82' lang='lat'>³²</span> <span class='ocrx_word' id='word_1_98' title='bbox 1137 2602 1252 2660; x_wconf 87' lang='lat' dir='ltr'>ego</span> 
     </span>
     <span class='ocr_line' id='line_1_25' title="bbox 593 2677 1131 2737; baseline -0.002 -1"><span class='ocrx_word' id='word_1_99' title='bbox 593 2695 722 2736; x_wconf 90' lang='lat' dir='ltr'>sum</span> <span class='ocrx_word' id='word_1_100' title='bbox 750 2677 819 2737; x_wconf 64' lang='lat' dir='ltr'>ds</span> <span class='ocrx_word' id='word_1_101' title='bbox 849 2678 1131 2737; x_wconf 85' lang='lat' dir='ltr'>abraham</span> 
     </span>
    </p>

    <p class='ocr_par' dir='ltr' id='par_1_13' title="bbox 590 2771 1272 3394">
     <span class='ocr_line' id='line_1_26' title="bbox 590 2771 1107 2831; baseline 0.002 -2"><span class='ocrx_word' id='word_1_102' title='bbox 590 2782 646 2831; x_wconf 92' lang='lat' dir='ltr'>et</span> <span class='ocrx_word' id='word_1_103' title='bbox 674 2772 742 2831; x_wconf 70' lang='lat' dir='ltr'>ds</span> <span class='ocrx_word' id='word_1_104' title='bbox 769 2772 924 2831; x_wconf 90' lang='lat' dir='ltr'>isaac</span> <span class='ocrx_word' id='word_1_105' title='bbox 954 2782 1011 2831; x_wconf 92' lang='lat' dir='ltr'>et</span> <span class='ocrx_word' id='word_1_106' title='bbox 1038 2771 1107 2830; x_wconf 67' lang='lat' dir='ltr'>ds</span> 
     </span>
     <span class='ocr_line' id='line_1_27' title="bbox 590 2864 1272 2926; baseline -0.001 -1"><span class='ocrx_word' id='word_1_107' title='bbox 590 2866 757 2926; x_wconf 88' lang='lat' dir='ltr'>iacob</span> <span class='ocrx_word' id='word_1_108' title='bbox 782 2898 796 2912; x_wconf 95' lang='lat'><strong>·</strong></span> <span class='ocrx_word' id='word_1_109' title='bbox 820 2899 832 2912; x_wconf 91' lang='lat'><strong>·</strong></span> <span class='ocrx_word' id='word_1_110' title='bbox 857 2898 872 2912; x_wconf 94' lang='lat'><strong>·</strong></span> <span class='ocrx_word' id='word_1_111' title='bbox 919 2864 1061 2925; x_wconf 92' lang='lat' dir='ltr'>Non</span> <span class='ocrx_word' id='word_1_112' title='bbox 1088 2875 1174 2924; x_wconf 90' lang='lat' dir='ltr'>est</span> <span class='ocrx_word' id='word_1_113' title='bbox 1204 2865 1272 2924; x_wconf 69' lang='lat' dir='ltr'>ds</span> 
     </span>
     <span class='ocr_line' id='line_1_28' title="bbox 590 2959 1081 3019; baseline -0.002 0"><span class='ocrx_word' id='word_1_114' title='bbox 590 2970 948 3019; x_wconf 87' lang='lat' dir='ltr'>mortuorum</span> <span class='ocrx_word' id='word_1_115' title='bbox 979 2959 1081 3018; x_wconf 88' lang='lat' dir='ltr'>sed</span> 
     </span>
     <span class='ocr_line' id='line_1_29' title="bbox 590 3053 1205 3113; baseline 0.002 -1"><span class='ocrx_word' id='word_1_116' title='bbox 590 3055 905 3113; x_wconf 89' lang='lat' dir='ltr'>uiuentium</span> <span class='ocrx_word' id='word_1_117' title='bbox 924 3084 940 3100; x_wconf 90' lang='lat'><strong>·</strong></span> <span class='ocrx_word' id='word_1_118' title='bbox 982 3053 1027 3086; x_wconf 78' lang='lat'>⁸⁸</span> <span class='ocrx_word' id='word_1_119' title='bbox 1043 3063 1101 3113; x_wconf 91' lang='lat' dir='ltr'>et</span> <span class='ocrx_word' id='word_1_120' title='bbox 1128 3072 1205 3113; x_wconf 91' lang='lat' dir='ltr'>au</span> 
     </span>
     <span class='ocr_line' id='line_1_30' title="bbox 592 3148 1041 3208; baseline 0.004 -3"><span class='ocrx_word' id='word_1_121' title='bbox 592 3148 813 3207; x_wconf 85' lang='lat' dir='ltr'>dientes</span> <span class='ocrx_word' id='word_1_122' title='bbox 839 3150 1041 3208; x_wconf 87' lang='lat' dir='ltr'>turbae</span> 
     </span>
     <span class='ocr_line' id='line_1_31' title="bbox 592 3243 1032 3300; baseline -0.002 0"><span class='ocrx_word' id='word_1_123' title='bbox 592 3243 945 3300; x_wconf 88' lang='lat' dir='ltr'>mirabantur</span> <span class='ocrx_word' id='word_1_124' title='bbox 972 3243 1032 3299; x_wconf 90' lang='lat' dir='ltr'>in</span> 
     </span>
     <span class='ocr_line' id='line_1_32' title="bbox 593 3335 1185 3394; baseline 0 0"><span class='ocrx_word' id='word_1_125' title='bbox 593 3335 916 3394; x_wconf 87' lang='lat' dir='ltr'>doctrinam</span> <span class='ocrx_word' id='word_1_126' title='bbox 943 3336 1066 3394; x_wconf 90' lang='lat' dir='ltr'>eius</span> <span class='ocrx_word' id='word_1_127' title='bbox 1084 3367 1185 3382; x_wconf 92' lang='lat'>·—</span> 
     </span>
    </p>

    <p class='ocr_par' dir='ltr' id='par_1_14' title="bbox 544 3429 1236 3862">
     <span class='ocr_line' id='line_1_33' title="bbox 544 3429 1236 3488; baseline 0 -1"><span class='ocrx_word' id='word_1_128' title='bbox 544 3448 553 3458; x_wconf 88' lang='lat'><strong>·</strong></span> <span class='ocrx_word' id='word_1_129' title='bbox 593 3429 635 3461; x_wconf 80' lang='lat'>⁸⁴</span> <span class='ocrx_word' id='word_1_130' title='bbox 652 3429 909 3487; x_wconf 87' lang='lat' dir='ltr'>Pharisei</span> <span class='ocrx_word' id='word_1_131' title='bbox 936 3439 1131 3487; x_wconf 91' lang='lat' dir='ltr'>autem</span> <span class='ocrx_word' id='word_1_132' title='bbox 1160 3447 1236 3488; x_wconf 92' lang='lat' dir='ltr'>au</span> 
     </span>
     <span class='ocr_line' id='line_1_34' title="bbox 593 3522 1114 3599; baseline -0.002 -18"><span class='ocrx_word' id='word_1_133' title='bbox 593 3522 812 3581; x_wconf 88' lang='lat' dir='ltr'>dientes</span> <span class='ocrx_word' id='word_1_134' title='bbox 880 3522 1039 3599; x_wconf 92' lang='lat' dir='ltr'>quod</span> <span class='ocrx_word' id='word_1_135' title='bbox 1067 3523 1114 3581; x_wconf 93' lang='lat' dir='ltr'>si</span> 
     </span>
     <span class='ocr_line' id='line_1_35' title="bbox 591 3615 1111 3693; baseline 0 -18"><span class='ocrx_word' id='word_1_136' title='bbox 591 3615 829 3675; x_wconf 89' lang='lat' dir='ltr'>lentium</span> <span class='ocrx_word' id='word_1_137' title='bbox 857 3616 1111 3693; x_wconf 90' lang='lat' dir='ltr'>inposuit</span> 
     </span>
     <span class='ocr_line' id='line_1_36' title="bbox 593 3710 1091 3769; baseline -0.004 0"><span class='ocrx_word' id='word_1_138' title='bbox 593 3710 895 3769; x_wconf 86' lang='lat' dir='ltr'>sadduceis</span> <span class='ocrx_word' id='word_1_139' title='bbox 914 3741 928 3756; x_wconf 92' lang='lat'><strong>·</strong></span> <span class='ocrx_word' id='word_1_140' title='bbox 975 3729 1091 3769; x_wconf 93' lang='lat' dir='ltr'>con</span> 
     </span>
     <span class='ocr_line' id='line_1_37' title="bbox 592 3804 1175 3862; baseline -0.002 0"><span class='ocrx_word' id='word_1_141' title='bbox 592 3813 872 3862; x_wconf 89' lang='lat' dir='ltr'>uenerunt</span> <span class='ocrx_word' id='word_1_142' title='bbox 897 3804 958 3861; x_wconf 91' lang='lat' dir='ltr'>in</span> <span class='ocrx_word' id='word_1_143' title='bbox 985 3814 1175 3862; x_wconf 70' lang='lat' dir='ltr'>unu-”-</span> 
     </span>
    </p>

    <p class='ocr_par' dir='ltr' id='par_1_15' title="bbox 592 3896 1200 4238">
     <span class='ocr_line' id='line_1_38' title="bbox 592 3896 1133 3974; baseline 0.004 -19"><span class='ocrx_word' id='word_1_144' title='bbox 592 3896 637 3930; x_wconf 81' lang='lat'>⁸⁶</span> <span class='ocrx_word' id='word_1_145' title='bbox 652 3897 728 3955; x_wconf 87' lang='lat' dir='ltr'>Et</span> <span class='ocrx_word' id='word_1_146' title='bbox 756 3897 1133 3974; x_wconf 85' lang='lat' dir='ltr'>interrogauit</span> 
     </span>
     <span class='ocr_line' id='line_1_39' title="bbox 592 3990 1145 4049; baseline 0.002 -1"><span class='ocrx_word' id='word_1_147' title='bbox 592 4008 725 4048; x_wconf 89' lang='lat' dir='ltr'>eum</span> <span class='ocrx_word' id='word_1_148' title='bbox 752 4009 906 4049; x_wconf 90' lang='lat' dir='ltr'>unus</span> <span class='ocrx_word' id='word_1_149' title='bbox 934 4008 1008 4048; x_wconf 89' lang='lat' dir='ltr'>ex</span> <span class='ocrx_word' id='word_1_150' title='bbox 1036 3990 1145 4049; x_wconf 84' lang='lat' dir='ltr'>illis</span> 
     </span>
     <span class='ocr_line' id='line_1_40' title="bbox 593 4084 1174 4162; baseline 0 -20"><span class='ocrx_word' id='word_1_151' title='bbox 593 4084 730 4162; x_wconf 87' lang='lat' dir='ltr'>legis</span> <span class='ocrx_word' id='word_1_152' title='bbox 759 4084 966 4144; x_wconf 89' lang='lat' dir='ltr'>doctor</span> <span class='ocrx_word' id='word_1_153' title='bbox 984 4114 1000 4129; x_wconf 93' lang='lat'><strong>·</strong></span> <span class='ocrx_word' id='word_1_154' title='bbox 1054 4093 1174 4143; x_wconf 89' lang='lat' dir='ltr'>tem</span> 
     </span>
     <span class='ocr_line' id='line_1_41' title="bbox 594 4177 1200 4238; baseline -0.002 -2"><span class='ocrx_word' id='word_1_155' title='bbox 594 4187 722 4238; x_wconf 88' lang='lat' dir='ltr'>tans</span> <span class='ocrx_word' id='word_1_156' title='bbox 750 4196 889 4238; x_wconf 88' lang='lat' dir='ltr'>eum</span> <span class='ocrx_word' id='word_1_157' title='bbox 915 4185 973 4238; x_wconf 92' lang='lat' dir='ltr'>et</span> <span class='ocrx_word' id='word_1_158' title='bbox 1000 4177 1200 4237; x_wconf 90' lang='lat' dir='ltr'>dicens</span> 
     </span>
    </p>
   </div>
   <div class='ocr_carea' id='block_1_7' title="bbox 1342 568 2027 1663">
    <p class='ocr_par' dir='ltr' id='par_1_16' title="bbox 1342 568 1872 740">
     <span class='ocr_line' id='line_1_42' title="bbox 1342 568 1800 628; baseline -0.002 -1"><span class='ocrx_word' id='word_1_159' title='bbox 1342 577 1430 627; x_wconf 88' lang='lat' dir='ltr'>est</span> <span class='ocrx_word' id='word_1_160' title='bbox 1456 568 1800 628; x_wconf 90' lang='lat' dir='ltr'>mandatum</span> 
     </span>
     <span class='ocr_line' id='line_1_43' title="bbox 1343 664 1872 740; baseline 0.002 -19"><span class='ocrx_word' id='word_1_161' title='bbox 1343 681 1628 740; x_wconf 86' lang='lat' dir='ltr'>magnum</span> <span class='ocrx_word' id='word_1_162' title='bbox 1653 664 1716 722; x_wconf 91' lang='lat' dir='ltr'>in</span> <span class='ocrx_word' id='word_1_163' title='bbox 1743 664 1872 740; x_wconf 86' lang='lat' dir='ltr'>lege</span> 
     </span>
    </p>

    <p class='ocr_par' dir='ltr' id='par_1_17' title="bbox 1343 757 2016 1006">
     <span class='ocr_line' id='line_1_44' title="bbox 1344 757 2016 817; baseline -0.003 -1"><span class='ocrx_word' id='word_1_164' title='bbox 1344 757 1390 791; x_wconf 80' lang='lat'>⁸⁷</span> <span class='ocrx_word' id='word_1_165' title='bbox 1406 758 1508 816; x_wconf 80' lang='lat' dir='ltr'>Ihs</span> <span class='ocrx_word' id='word_1_166' title='bbox 1536 766 1732 816; x_wconf 91' lang='lat' dir='ltr'>autem</span> <span class='ocrx_word' id='word_1_167' title='bbox 1755 757 1898 817; x_wconf 84' lang='lat' dir='ltr'>dixit</span> <span class='ocrx_word' id='word_1_168' title='bbox 1925 758 1977 816; x_wconf 91' lang='lat' dir='ltr'>ei</span> <span class='ocrx_word' id='word_1_169' title='bbox 2001 788 2016 804; x_wconf 89' lang='lat'><strong>·</strong></span> 
     </span>
     <span class='ocr_line' id='line_1_45' title="bbox 1345 851 1850 928; baseline 0.004 -20"><span class='ocrx_word' id='word_1_170' title='bbox 1345 851 1546 928; x_wconf 87' lang='lat' dir='ltr'>diliges</span> <span class='ocrx_word' id='word_1_171' title='bbox 1574 851 1718 910; x_wconf 73' lang='lat' dir='ltr'>dfim</span> <span class='ocrx_word' id='word_1_172' title='bbox 1747 851 1850 910; x_wconf 76' lang='grc' dir='ltr'>ἀῶ</span> 
     </span>
     <span class='ocr_line' id='line_1_46' title="bbox 1343 945 1880 1006; baseline 0 -3"><span class='ocrx_word' id='word_1_173' title='bbox 1343 955 1510 1004; x_wconf 88' lang='lat' dir='ltr'>tuum</span> <span class='ocrx_word' id='word_1_174' title='bbox 1535 945 1597 1004; x_wconf 90' lang='lat' dir='ltr'>in</span> <span class='ocrx_word' id='word_1_175' title='bbox 1624 955 1747 1006; x_wconf 92' lang='lat' dir='ltr'>toto</span> <span class='ocrx_word' id='word_1_176' title='bbox 1775 964 1880 1006; x_wconf 92' lang='lat' dir='ltr'>cor</span> 
     </span>
    </p>

    <p class='ocr_par' dir='ltr' id='par_1_18' title="bbox 1345 1039 1902 1286">
     <span class='ocr_line' id='line_1_47' title="bbox 1345 1039 1871 1100; baseline 0.002 -1"><span class='ocrx_word' id='word_1_177' title='bbox 1345 1039 1418 1099; x_wconf 92' lang='lat' dir='ltr'>de</span> <span class='ocrx_word' id='word_1_178' title='bbox 1446 1048 1548 1100; x_wconf 95' lang='lat' dir='ltr'>tuo</span> <span class='ocrx_word' id='word_1_179' title='bbox 1575 1050 1634 1098; x_wconf 93' lang='lat' dir='ltr'>et</span> <span class='ocrx_word' id='word_1_180' title='bbox 1659 1040 1721 1098; x_wconf 90' lang='lat' dir='ltr'>in</span> <span class='ocrx_word' id='word_1_181' title='bbox 1749 1049 1871 1100; x_wconf 88' lang='lat' dir='ltr'>tota</span> 
     </span>
     <span class='ocr_line' id='line_1_48' title="bbox 1345 1133 1902 1193; baseline 0.002 -1"><span class='ocrx_word' id='word_1_182' title='bbox 1345 1133 1540 1192; x_wconf 89' lang='lat' dir='ltr'>anima</span> <span class='ocrx_word' id='word_1_183' title='bbox 1568 1143 1668 1193; x_wconf 89' lang='lat' dir='ltr'>tua</span> <span class='ocrx_word' id='word_1_184' title='bbox 1695 1145 1754 1193; x_wconf 94' lang='lat' dir='ltr'>et</span> <span class='ocrx_word' id='word_1_185' title='bbox 1782 1144 1902 1193; x_wconf 90' lang='lat' dir='ltr'>tota</span> 
     </span>
     <span class='ocr_line' id='line_1_49' title="bbox 1346 1235 1786 1286; baseline 0.002 -1"><span class='ocrx_word' id='word_1_186' title='bbox 1346 1235 1619 1286; x_wconf 89' lang='lat' dir='ltr'>menente</span> <span class='ocrx_word' id='word_1_187' title='bbox 1647 1237 1748 1286; x_wconf 89' lang='lat' dir='ltr'>tua</span> <span class='ocrx_word' id='word_1_188' title='bbox 1771 1257 1786 1273; x_wconf 90' lang='lat'><strong>·</strong></span> 
     </span>
    </p>

    <p class='ocr_par' dir='ltr' id='par_1_19' title="bbox 1343 1322 2027 1663">
     <span class='ocr_line' id='line_1_50' title="bbox 1345 1322 2027 1399; baseline -0.004 -17"><span class='ocrx_word' id='word_1_189' title='bbox 1345 1322 1389 1355; x_wconf 79' lang='lat'>⁸⁸</span> <span class='ocrx_word' id='word_1_190' title='bbox 1408 1322 1546 1381; x_wconf 93' lang='lat' dir='ltr'>Hoc</span> <span class='ocrx_word' id='word_1_191' title='bbox 1576 1331 1664 1381; x_wconf 90' lang='lat' dir='ltr'>est</span> <span class='ocrx_word' id='word_1_192' title='bbox 1689 1323 1943 1399; x_wconf 89' lang='lat' dir='ltr'>primum</span> <span class='ocrx_word' id='word_1_193' title='bbox 1970 1329 2027 1380; x_wconf 93' lang='lat' dir='ltr'>et</span> 
     </span>
     <span class='ocr_line' id='line_1_51' title="bbox 1345 1415 1916 1475; baseline 0 -1"><span class='ocrx_word' id='word_1_194' title='bbox 1345 1417 1667 1475; x_wconf 85' lang='lat' dir='ltr'>maximum</span> <span class='ocrx_word' id='word_1_195' title='bbox 1695 1415 1916 1474; x_wconf 86' lang='lat' dir='ltr'>manda</span> 
     </span>
     <span class='ocr_line' id='line_1_52' title="bbox 1343 1508 1936 1570; baseline 0 -1"><span class='ocrx_word' id='word_1_196' title='bbox 1343 1520 1468 1569; x_wconf 90' lang='lat' dir='ltr'>tum</span> <span class='ocrx_word' id='word_1_197' title='bbox 1494 1542 1509 1556; x_wconf 94' lang='lat'><strong>·</strong></span> <span class='ocrx_word' id='word_1_198' title='bbox 1535 1543 1548 1557; x_wconf 93' lang='lat'><strong>·</strong></span> <span class='ocrx_word' id='word_1_199' title='bbox 1593 1511 1639 1544; x_wconf 83' lang='lat'>³⁹</span> <span class='ocrx_word' id='word_1_200' title='bbox 1658 1508 1936 1570; x_wconf 72' lang='lat' dir='ltr'>Secundt‘r</span> 
     </span>
     <span class='ocr_line' id='line_1_53' title="bbox 1346 1604 1868 1663; baseline -0.004 0"><span class='ocrx_word' id='word_1_201' title='bbox 1346 1613 1539 1663; x_wconf 91' lang='lat' dir='ltr'>autem</span> <span class='ocrx_word' id='word_1_202' title='bbox 1569 1604 1753 1663; x_wconf 88' lang='lat' dir='ltr'>simile</span> <span class='ocrx_word' id='word_1_203' title='bbox 1781 1612 1868 1662; x_wconf 89' lang='lat' dir='ltr'>est</span> 
     </span>
    </p>
   </div>
   <div class='ocr_carea' id='block_1_8' title="bbox 1271 1696 1905 1774">
    <p class='ocr_par' dir='ltr' id='par_1_20' title="bbox 1271 1696 1905 1774">
     <span class='ocr_line' id='line_1_54' title="bbox 1271 1696 1905 1774; baseline 0 -18"><span class='ocrx_word' id='word_1_204' title='bbox 1271 1696 1406 1756; x_wconf 93' lang='lat' dir='ltr'>huic</span> <span class='ocrx_word' id='word_1_205' title='bbox 1429 1729 1442 1744; x_wconf 91' lang='lat'><em>·</em></span> <span class='ocrx_word' id='word_1_206' title='bbox 1487 1697 1710 1774; x_wconf 90' lang='lat' dir='ltr'>Diliges</span> <span class='ocrx_word' id='word_1_207' title='bbox 1737 1697 1905 1774; x_wconf 90' lang='lat' dir='ltr'>proxi</span> 
     </span>
    </p>
   </div>
   <div class='ocr_carea' id='block_1_9' title="bbox 1344 1792 1989 2339">
    <p class='ocr_par' dir='ltr' id='par_1_21' title="bbox 1346 1792 1878 1851">
     <span class='ocr_line' id='line_1_55' title="bbox 1346 1792 1878 1851; baseline 0.002 -2"><span class='ocrx_word' id='word_1_208' title='bbox 1346 1809 1509 1849; x_wconf 90' lang='lat' dir='ltr'>mum</span> <span class='ocrx_word' id='word_1_209' title='bbox 1535 1801 1702 1851; x_wconf 91' lang='lat' dir='ltr'>tuum</span> <span class='ocrx_word' id='word_1_210' title='bbox 1732 1792 1878 1851; x_wconf 90' lang='lat' dir='ltr'>sicut</span> 
     </span>
    </p>

    <p class='ocr_par' dir='ltr' id='par_1_22' title="bbox 1344 1884 1959 2039">
     <span class='ocr_line' id='line_1_56' title="bbox 1344 1884 1959 1962; baseline 0.002 -19"><span class='ocrx_word' id='word_1_211' title='bbox 1344 1895 1400 1943; x_wconf 93' lang='lat' dir='ltr'>te</span> <span class='ocrx_word' id='word_1_212' title='bbox 1428 1886 1618 1962; x_wconf 89' lang='lat' dir='ltr'>ipsum</span> <span class='ocrx_word' id='word_1_213' title='bbox 1640 1917 1653 1932; x_wconf 91' lang='lat'><em>·</em></span> <span class='ocrx_word' id='word_1_214' title='bbox 1717 1884 1763 1918; x_wconf 78' lang='lat'>⁴⁰</span> <span class='ocrx_word' id='word_1_215' title='bbox 1780 1886 1838 1942; x_wconf 91' lang='lat' dir='ltr'>in</span> <span class='ocrx_word' id='word_1_216' title='bbox 1869 1884 1959 1944; x_wconf 89' lang='lat' dir='ltr'>his</span> 
     </span>
     <span class='ocr_line' id='line_1_57' title="bbox 1344 1979 1822 2039; baseline 0 -1"><span class='ocrx_word' id='word_1_217' title='bbox 1344 1979 1575 2039; x_wconf 87' lang='lat' dir='ltr'>duobus</span> <span class='ocrx_word' id='word_1_218' title='bbox 1603 1979 1822 2038; x_wconf 87' lang='lat' dir='ltr'>manda</span> 
     </span>
    </p>

    <p class='ocr_par' dir='ltr' id='par_1_23' title="bbox 1345 2072 1841 2246">
     <span class='ocr_line' id='line_1_58' title="bbox 1345 2072 1841 2133; baseline 0 -1"><span class='ocrx_word' id='word_1_219' title='bbox 1345 2075 1420 2133; x_wconf 90' lang='lat' dir='ltr'>tis</span> <span class='ocrx_word' id='word_1_220' title='bbox 1448 2074 1719 2133; x_wconf 90' lang='lat' dir='ltr'>uniuersa</span> <span class='ocrx_word' id='word_1_221' title='bbox 1745 2072 1841 2132; x_wconf 83' lang='lat' dir='ltr'>lex</span> 
     </span>
     <span class='ocr_line' id='line_1_59' title="bbox 1345 2167 1836 2246; baseline 0.002 -20"><span class='ocrx_word' id='word_1_222' title='bbox 1345 2167 1562 2245; x_wconf 89' lang='lat' dir='ltr'>pendet</span> <span class='ocrx_word' id='word_1_223' title='bbox 1587 2177 1645 2227; x_wconf 93' lang='lat' dir='ltr'>et</span> <span class='ocrx_word' id='word_1_224' title='bbox 1672 2167 1836 2246; x_wconf 91' lang='lat' dir='ltr'>profe</span> 
     </span>
    </p>

    <p class='ocr_par' dir='ltr' id='par_1_24' title="bbox 1347 2260 1989 2339">
     <span class='ocr_line' id='line_1_60' title="bbox 1347 2260 1989 2339; baseline -0.003 -16"><span class='ocrx_word' id='word_1_225' title='bbox 1347 2275 1437 2324; x_wconf 88' lang='lat' dir='ltr'>tae</span> <span class='ocrx_word' id='word_1_226' title='bbox 1461 2294 1476 2309; x_wconf 90' lang='lat'><strong>·</strong></span> <span class='ocrx_word' id='word_1_227' title='bbox 1539 2261 1583 2297; x_wconf 79' lang='lat'>⁴¹</span> <span class='ocrx_word' id='word_1_228' title='bbox 1600 2260 1989 2339; x_wconf 88' lang='lat' dir='ltr'>Congregatis</span> 
     </span>
    </p>
   </div>
   <div class='ocr_carea' id='block_1_10' title="bbox 1342 2391 2005 4255">
    <p class='ocr_par' dir='ltr' id='par_1_25' title="bbox 1342 2391 2005 4255">
     <span class='ocr_line' id='line_1_61' title="bbox 1345 2391 1875 2452; baseline -0.002 -1"><span class='ocrx_word' id='word_1_229' title='bbox 1345 2404 1540 2452; x_wconf 91' lang='lat' dir='ltr'>autem</span> <span class='ocrx_word' id='word_1_230' title='bbox 1569 2391 1788 2451; x_wconf 88' lang='lat' dir='ltr'>fariseis</span> <span class='ocrx_word' id='word_1_231' title='bbox 1814 2392 1875 2450; x_wconf 92' lang='lat' dir='ltr'>in</span> 
     </span>
     <span class='ocr_line' id='line_1_62' title="bbox 1345 2487 1903 2565; baseline 0 -19"><span class='ocrx_word' id='word_1_232' title='bbox 1345 2488 1656 2565; x_wconf 86' lang='lat' dir='ltr'>terrogauit</span> <span class='ocrx_word' id='word_1_233' title='bbox 1684 2506 1786 2548; x_wconf 88' lang='lat' dir='ltr'>eos</span> <span class='ocrx_word' id='word_1_234' title='bbox 1814 2487 1903 2546; x_wconf 82' lang='lat' dir='ltr'>ihs</span> 
     </span>
     <span class='ocr_line' id='line_1_63' title="bbox 1344 2579 1946 2659; baseline 0.003 -19"><span class='ocrx_word' id='word_1_235' title='bbox 1344 2579 1389 2614; x_wconf 79' lang='lat'>⁴²</span> <span class='ocrx_word' id='word_1_236' title='bbox 1406 2582 1609 2641; x_wconf 89' lang='lat' dir='ltr'>dicens</span> <span class='ocrx_word' id='word_1_237' title='bbox 1633 2613 1646 2628; x_wconf 93' lang='lat'><strong>·</strong></span> <span class='ocrx_word' id='word_1_238' title='bbox 1697 2582 1839 2659; x_wconf 91' lang='lat' dir='ltr'>quid</span> <span class='ocrx_word' id='word_1_239' title='bbox 1868 2600 1946 2642; x_wconf 94' lang='lat' dir='ltr'>uo</span> 
     </span>
     <span class='ocr_line' id='line_1_64' title="bbox 1343 2675 1937 2754; baseline 0 -19"><span class='ocrx_word' id='word_1_240' title='bbox 1343 2676 1434 2735; x_wconf 93' lang='lat' dir='ltr'>bis</span> <span class='ocrx_word' id='word_1_241' title='bbox 1462 2675 1685 2735; x_wconf 86' lang='lat' dir='ltr'>uidetur</span> <span class='ocrx_word' id='word_1_242' title='bbox 1713 2675 1785 2734; x_wconf 91' lang='lat' dir='ltr'>de</span> <span class='ocrx_word' id='word_1_243' title='bbox 1814 2695 1937 2754; x_wconf 83' lang='lat' dir='ltr'>xpo</span> 
     </span>
     <span class='ocr_line' id='line_1_65' title="bbox 1344 2770 1837 2830; baseline -0.002 -1"><span class='ocrx_word' id='word_1_244' title='bbox 1344 2771 1506 2830; x_wconf 90' lang='lat' dir='ltr'>cuius</span> <span class='ocrx_word' id='word_1_245' title='bbox 1535 2770 1684 2828; x_wconf 89' lang='lat' dir='ltr'>filius</span> <span class='ocrx_word' id='word_1_246' title='bbox 1712 2779 1799 2828; x_wconf 90' lang='lat' dir='ltr'>est</span> <span class='ocrx_word' id='word_1_247' title='bbox 1822 2801 1837 2816; x_wconf 90' lang='lat'><strong>·</strong></span> 
     </span>
     <span class='ocr_line' id='line_1_66' title="bbox 1343 2863 2005 2923; baseline -0.002 -1"><span class='ocrx_word' id='word_1_248' title='bbox 1343 2863 1564 2923; x_wconf 90' lang='lat' dir='ltr'>Dicunt</span> <span class='ocrx_word' id='word_1_249' title='bbox 1583 2864 1636 2922; x_wconf 91' lang='lat' dir='ltr'>ei</span> <span class='ocrx_word' id='word_1_250' title='bbox 1658 2863 1818 2923; x_wconf 90' lang='lat' dir='ltr'>dauit</span> <span class='ocrx_word' id='word_1_251' title='bbox 1836 2895 1850 2910; x_wconf 94' lang='lat'><strong>·</strong></span> <span class='ocrx_word' id='word_1_252' title='bbox 1873 2863 2005 2922; x_wconf 60' lang='lat' dir='ltr'>⁴&#39;ait</span> 
     </span>
     <span class='ocr_line' id='line_1_67' title="bbox 1342 2957 1834 3034; baseline 0 -17"><span class='ocrx_word' id='word_1_253' title='bbox 1342 2958 1452 3017; x_wconf 88' lang='lat' dir='ltr'>illis</span> <span class='ocrx_word' id='word_1_254' title='bbox 1475 2990 1489 3004; x_wconf 94' lang='lat'><strong>·</strong></span> <span class='ocrx_word' id='word_1_255' title='bbox 1534 2957 1834 3034; x_wconf 87' lang='lat' dir='ltr'>quomodo</span> 
     </span>
     <span class='ocr_line' id='line_1_68' title="bbox 1343 3050 1953 3129; baseline 0 -19"><span class='ocrx_word' id='word_1_256' title='bbox 1343 3070 1484 3129; x_wconf 87' lang='lat' dir='ltr'>ergo</span> <span class='ocrx_word' id='word_1_257' title='bbox 1512 3050 1686 3110; x_wconf 91' lang='lat' dir='ltr'>dauid</span> <span class='ocrx_word' id='word_1_258' title='bbox 1716 3052 1775 3110; x_wconf 91' lang='lat' dir='ltr'>in</span> <span class='ocrx_word' id='word_1_259' title='bbox 1805 3070 1915 3128; x_wconf 85' lang='lat' dir='ltr'>spu</span> <span class='ocrx_word' id='word_1_260' title='bbox 1941 3085 1953 3098; x_wconf 93' lang='lat'><strong>·</strong></span> 
     </span>
     <span class='ocr_line' id='line_1_69' title="bbox 1344 3146 1937 3205; baseline 0 0"><span class='ocrx_word' id='word_1_261' title='bbox 1344 3146 1487 3205; x_wconf 78' lang='lat' dir='ltr'>dfim</span> <span class='ocrx_word' id='word_1_262' title='bbox 1515 3163 1651 3204; x_wconf 92' lang='lat' dir='ltr'>eum</span> <span class='ocrx_word' id='word_1_263' title='bbox 1679 3157 1853 3205; x_wconf 92' lang='lat' dir='ltr'>uocat</span> <span class='ocrx_word' id='word_1_264' title='bbox 1880 3146 1937 3204; x_wconf 91' lang='lat' dir='ltr'>di</span> 
     </span>
     <span class='ocr_line' id='line_1_70' title="bbox 1345 3239 1959 3300; baseline -0.002 0"><span class='ocrx_word' id='word_1_265' title='bbox 1345 3258 1488 3300; x_wconf 92' lang='lat' dir='ltr'>cens</span> <span class='ocrx_word' id='word_1_266' title='bbox 1510 3271 1524 3286; x_wconf 93' lang='lat'><strong>·</strong></span> <span class='ocrx_word' id='word_1_267' title='bbox 1588 3240 1633 3272; x_wconf 80' lang='lat'>⁴⁴</span> <span class='ocrx_word' id='word_1_268' title='bbox 1655 3239 1820 3299; x_wconf 84' lang='lat' dir='ltr'>Dixit</span> <span class='ocrx_word' id='word_1_269' title='bbox 1848 3240 1959 3299; x_wconf 76' lang='lat' dir='ltr'>dfis</span> 
     </span>
     <span class='ocr_line' id='line_1_71' title="bbox 1345 3334 1905 3394; baseline 0 -1"><span class='ocrx_word' id='word_1_270' title='bbox 1345 3335 1466 3394; x_wconf 79' lang='lat' dir='ltr'>diio</span> <span class='ocrx_word' id='word_1_271' title='bbox 1493 3352 1629 3393; x_wconf 89' lang='lat' dir='ltr'>meo</span> <span class='ocrx_word' id='word_1_272' title='bbox 1659 3334 1797 3393; x_wconf 88' lang='lat' dir='ltr'>sede</span> <span class='ocrx_word' id='word_1_273' title='bbox 1829 3334 1905 3393; x_wconf 91' lang='lat' dir='ltr'>ad</span> 
     </span>
     <span class='ocr_line' id='line_1_72' title="bbox 1346 3429 1874 3488; baseline -0.004 0"><span class='ocrx_word' id='word_1_274' title='bbox 1346 3429 1612 3488; x_wconf 80' lang='lat' dir='ltr'>dextram</span> <span class='ocrx_word' id='word_1_275' title='bbox 1639 3446 1836 3488; x_wconf 90' lang='lat' dir='ltr'>meam</span> <span class='ocrx_word' id='word_1_276' title='bbox 1859 3460 1874 3475; x_wconf 89' lang='lat'><strong>·</strong></span> 
     </span>
     <span class='ocr_line' id='line_1_73' title="bbox 1346 3522 1897 3599; baseline -0.004 -18"><span class='ocrx_word' id='word_1_277' title='bbox 1346 3522 1535 3583; x_wconf 89' lang='lat' dir='ltr'>donec</span> <span class='ocrx_word' id='word_1_278' title='bbox 1565 3540 1787 3599; x_wconf 90' lang='lat' dir='ltr'>ponam</span> <span class='ocrx_word' id='word_1_279' title='bbox 1816 3522 1897 3580; x_wconf 91' lang='lat' dir='ltr'>ini</span> 
     </span>
     <span class='ocr_line' id='line_1_74' title="bbox 1345 3617 1934 3692; baseline 0 -18"><span class='ocrx_word' id='word_1_280' title='bbox 1345 3617 1532 3676; x_wconf 79' lang='lat' dir='ltr'>inicos</span> <span class='ocrx_word' id='word_1_281' title='bbox 1559 3627 1691 3676; x_wconf 86' lang='lat' dir='ltr'>tuos</span> <span class='ocrx_word' id='word_1_282' title='bbox 1720 3617 1829 3674; x_wconf 90' lang='lat' dir='ltr'>sub</span> <span class='ocrx_word' id='word_1_283' title='bbox 1858 3634 1934 3692; x_wconf 91' lang='lat' dir='ltr'>pe</span> 
     </span>
     <span class='ocr_line' id='line_1_75' title="bbox 1344 3709 1967 3769; baseline -0.003 0"><span class='ocrx_word' id='word_1_284' title='bbox 1344 3710 1515 3769; x_wconf 88' lang='lat' dir='ltr'>dibus</span> <span class='ocrx_word' id='word_1_285' title='bbox 1542 3711 1654 3769; x_wconf 90' lang='lat' dir='ltr'>tuis</span> <span class='ocrx_word' id='word_1_286' title='bbox 1673 3741 1686 3756; x_wconf 91' lang='lat'><em>·</em></span> <span class='ocrx_word' id='word_1_287' title='bbox 1751 3710 1797 3743; x_wconf 76' lang='lat'>⁴⁶</span> <span class='ocrx_word' id='word_1_288' title='bbox 1817 3709 1877 3768; x_wconf 89' lang='lat' dir='ltr'>Si</span> <span class='ocrx_word' id='word_1_289' title='bbox 1903 3729 1967 3769; x_wconf 92' lang='lat' dir='ltr'>er</span> 
     </span>
     <span class='ocr_line' id='line_1_76' title="bbox 1345 3803 1942 3881; baseline -0.003 -17"><span class='ocrx_word' id='word_1_290' title='bbox 1345 3822 1426 3881; x_wconf 86' lang='lat' dir='ltr'>go</span> <span class='ocrx_word' id='word_1_291' title='bbox 1454 3803 1633 3863; x_wconf 90' lang='lat' dir='ltr'>dauid</span> <span class='ocrx_word' id='word_1_292' title='bbox 1660 3814 1839 3863; x_wconf 87' lang='lat' dir='ltr'>uocat</span> <span class='ocrx_word' id='word_1_293' title='bbox 1867 3809 1942 3862; x_wconf 76' lang='grc' dir='ltr'>εὖ</span> 
     </span>
     <span class='ocr_line' id='line_1_77' title="bbox 1347 3898 1878 3975; baseline 0.002 -19"><span class='ocrx_word' id='word_1_294' title='bbox 1347 3898 1491 3956; x_wconf 67' lang='lat' dir='ltr'>dnm</span> <span class='ocrx_word' id='word_1_295' title='bbox 1513 3930 1528 3945; x_wconf 89' lang='lat'><strong>·</strong></span> <span class='ocrx_word' id='word_1_296' title='bbox 1574 3898 1878 3975; x_wconf 91' lang='lat' dir='ltr'>quomodo</span> 
     </span>
     <span class='ocr_line' id='line_1_78' title="bbox 1349 3992 1957 4051; baseline 0.003 -2"><span class='ocrx_word' id='word_1_297' title='bbox 1349 3992 1496 4050; x_wconf 89' lang='lat' dir='ltr'>filius</span> <span class='ocrx_word' id='word_1_298' title='bbox 1522 3992 1645 4050; x_wconf 89' lang='lat' dir='ltr'>eius</span> <span class='ocrx_word' id='word_1_299' title='bbox 1671 4002 1757 4051; x_wconf 88' lang='lat' dir='ltr'>est</span> <span class='ocrx_word' id='word_1_300' title='bbox 1782 4023 1795 4038; x_wconf 91' lang='lat'><em>·</em></span> <span class='ocrx_word' id='word_1_301' title='bbox 1838 3992 1883 4024; x_wconf 79' lang='lat'>⁴⁶</span> <span class='ocrx_word' id='word_1_302' title='bbox 1898 4001 1957 4051; x_wconf 91' lang='lat' dir='ltr'>et</span> 
     </span>
     <span class='ocr_line' id='line_1_79' title="bbox 1349 4096 1900 4163; baseline 0.002 -20"><span class='ocrx_word' id='word_1_303' title='bbox 1349 4104 1526 4146; x_wconf 87' lang='lat' dir='ltr'>nemo</span> <span class='ocrx_word' id='word_1_304' title='bbox 1553 4096 1780 4163; x_wconf 88' lang='lat' dir='ltr'>poterat</span> <span class='ocrx_word' id='word_1_305' title='bbox 1808 4103 1900 4144; x_wconf 91' lang='lat' dir='ltr'>res</span> 
     </span>
     <span class='ocr_line' id='line_1_80' title="bbox 1348 4179 1944 4255; baseline 0 -18"><span class='ocrx_word' id='word_1_306' title='bbox 1348 4179 1604 4255; x_wconf 90' lang='lat' dir='ltr'>pondere</span> <span class='ocrx_word' id='word_1_307' title='bbox 1631 4180 1685 4238; x_wconf 92' lang='lat' dir='ltr'>ei</span> <span class='ocrx_word' id='word_1_308' title='bbox 1711 4180 1944 4237; x_wconf 72' lang='lat' dir='ltr'>uerbu-</span> 
     </span>
    </p>
   </div>
   <div class='ocr_carea' id='block_1_11' title="bbox 2146 570 2799 2338">
    <p class='ocr_par' dir='ltr' id='par_1_26' title="bbox 2146 570 2717 1474">
     <span class='ocr_line' id='line_1_81' title="bbox 2148 570 2626 646; baseline 0.002 -19"><span class='ocrx_word' id='word_1_309' title='bbox 2148 570 2458 646; x_wconf 91' lang='lat' dir='ltr'>quisquam</span> <span class='ocrx_word' id='word_1_310' title='bbox 2484 589 2558 628; x_wconf 90' lang='lat' dir='ltr'>ex</span> <span class='ocrx_word' id='word_1_311' title='bbox 2586 570 2626 628; x_wconf 91' lang='lat' dir='ltr'>il</span> 
     </span>
     <span class='ocr_line' id='line_1_82' title="bbox 2146 663 2621 724; baseline 0.006 -3"><span class='ocrx_word' id='word_1_312' title='bbox 2146 664 2203 721; x_wconf 89' lang='lat' dir='ltr'>la</span> <span class='ocrx_word' id='word_1_313' title='bbox 2233 663 2377 723; x_wconf 89' lang='lat' dir='ltr'>hora</span> <span class='ocrx_word' id='word_1_314' title='bbox 2406 665 2621 724; x_wconf 88' lang='lat' dir='ltr'>interro</span> 
     </span>
     <span class='ocr_line' id='line_1_83' title="bbox 2147 758 2661 834; baseline 0 -19"><span class='ocrx_word' id='word_1_315' title='bbox 2147 775 2289 832; x_wconf 84' lang='lat' dir='ltr'>gare</span> <span class='ocrx_word' id='word_1_316' title='bbox 2317 776 2454 817; x_wconf 91' lang='lat' dir='ltr'>eum</span> <span class='ocrx_word' id='word_1_317' title='bbox 2483 758 2661 834; x_wconf 91' lang='lat' dir='ltr'>ampli</span> 
     </span>
     <span class='ocr_line' id='line_1_84' title="bbox 2146 868 2328 909; baseline 0 -12"><span class='ocrx_word' id='word_1_318' title='bbox 2146 868 2218 909; x_wconf 80' lang='lat' dir='ltr'>us</span> <span class='ocrx_word' id='word_1_319' title='bbox 2241 882 2255 897; x_wconf 80' lang='grc' dir='ltr'><strong>ο</strong></span> <span class='ocrx_word' id='word_1_320' title='bbox 2279 882 2292 897; x_wconf 77' lang='grc' dir='ltr'><strong>ο</strong></span> <span class='ocrx_word' id='word_1_321' title='bbox 2315 883 2328 897; x_wconf 76' lang='lat'>0</span> 
     </span>
     <span class='ocr_line' id='line_1_85' title="bbox 2148 945 2717 1005; baseline 0.005 -3"><span class='ocrx_word' id='word_1_322' title='bbox 2148 945 2378 1005; x_wconf 90' lang='lat' dir='ltr'>locutus</span> <span class='ocrx_word' id='word_1_323' title='bbox 2406 957 2493 1005; x_wconf 93' lang='lat' dir='ltr'>est</span> <span class='ocrx_word' id='word_1_324' title='bbox 2521 945 2597 1004; x_wconf 97' lang='lat' dir='ltr'>ad</span> <span class='ocrx_word' id='word_1_325' title='bbox 2624 956 2717 1005; x_wconf 88' lang='lat' dir='ltr'>tur</span> 
     </span>
     <span class='ocr_line' id='line_1_86' title="bbox 2148 1039 2702 1117; baseline 0 -18"><span class='ocrx_word' id='word_1_326' title='bbox 2148 1040 2256 1099; x_wconf 89' lang='lat' dir='ltr'>bas</span> <span class='ocrx_word' id='word_1_327' title='bbox 2284 1050 2341 1098; x_wconf 93' lang='lat' dir='ltr'>et</span> <span class='ocrx_word' id='word_1_328' title='bbox 2368 1039 2443 1098; x_wconf 90' lang='lat' dir='ltr'>ad</span> <span class='ocrx_word' id='word_1_329' title='bbox 2474 1039 2702 1117; x_wconf 90' lang='lat' dir='ltr'>discipu</span> 
     </span>
     <span class='ocr_line' id='line_1_87' title="bbox 2149 1128 2708 1194; baseline 0.002 -3"><span class='ocrx_word' id='word_1_330' title='bbox 2149 1133 2240 1193; x_wconf 89' lang='lat' dir='ltr'>los</span> <span class='ocrx_word' id='word_1_331' title='bbox 2268 1150 2405 1194; x_wconf 89' lang='lat' dir='ltr'>suos</span> <span class='ocrx_word' id='word_1_332' title='bbox 2431 1128 2455 1164; x_wconf 83' lang='lat'>²</span> <span class='ocrx_word' id='word_1_333' title='bbox 2473 1133 2674 1192; x_wconf 91' lang='lat' dir='ltr'>dicens</span> <span class='ocrx_word' id='word_1_334' title='bbox 2693 1165 2708 1185; x_wconf 84' lang='lat'><strong>·</strong></span> 
     </span>
     <span class='ocr_line' id='line_1_88' title="bbox 2153 1226 2648 1303; baseline 0.002 -18"><span class='ocrx_word' id='word_1_335' title='bbox 2153 1226 2341 1303; x_wconf 92' lang='lat' dir='ltr'>Super</span> <span class='ocrx_word' id='word_1_336' title='bbox 2370 1226 2648 1286; x_wconf 88' lang='lat' dir='ltr'>cathedra</span> 
     </span>
     <span class='ocr_line' id='line_1_89' title="bbox 2149 1319 2698 1396; baseline 0.005 -18"><span class='ocrx_word' id='word_1_337' title='bbox 2149 1321 2339 1396; x_wconf 90' lang='lat' dir='ltr'>moysi</span> <span class='ocrx_word' id='word_1_338' title='bbox 2412 1319 2698 1381; x_wconf 89' lang='lat' dir='ltr'>Sederunt</span> 
     </span>
     <span class='ocr_line' id='line_1_90' title="bbox 2151 1414 2715 1474; baseline 0.002 -1"><span class='ocrx_word' id='word_1_339' title='bbox 2151 1416 2373 1474; x_wconf 89' lang='lat' dir='ltr'>scribae</span> <span class='ocrx_word' id='word_1_340' title='bbox 2401 1425 2461 1474; x_wconf 90' lang='lat' dir='ltr'>et</span> <span class='ocrx_word' id='word_1_341' title='bbox 2487 1414 2677 1474; x_wconf 89' lang='lat' dir='ltr'>farisei</span> <span class='ocrx_word' id='word_1_342' title='bbox 2700 1446 2715 1462; x_wconf 90' lang='lat'><strong>·</strong></span> 
     </span>
    </p>

    <p class='ocr_par' dir='ltr' id='par_1_27' title="bbox 2149 1508 2799 1680">
     <span class='ocr_line' id='line_1_91' title="bbox 2149 1508 2799 1586; baseline 0 -17"><span class='ocrx_word' id='word_1_343' title='bbox 2149 1508 2171 1541; x_wconf 80' lang='lat'>³</span> <span class='ocrx_word' id='word_1_344' title='bbox 2190 1508 2408 1569; x_wconf 90' lang='lat' dir='ltr'>Omnia</span> <span class='ocrx_word' id='word_1_345' title='bbox 2436 1528 2577 1586; x_wconf 87' lang='lat' dir='ltr'>ergo</span> <span class='ocrx_word' id='word_1_346' title='bbox 2605 1515 2799 1586; x_wconf 77' lang='lat' dir='ltr'>quecii</span> 
     </span>
     <span class='ocr_line' id='line_1_92' title="bbox 2150 1602 2649 1680; baseline 0.002 -19"><span class='ocrx_word' id='word_1_347' title='bbox 2150 1620 2268 1680; x_wconf 90' lang='lat' dir='ltr'>que</span> <span class='ocrx_word' id='word_1_348' title='bbox 2297 1602 2542 1662; x_wconf 76' lang='lat' dir='ltr'>dixerint</span> <span class='ocrx_word' id='word_1_349' title='bbox 2569 1621 2649 1662; x_wconf 89' lang='lat' dir='ltr'>uo</span> 
     </span>
    </p>

    <p class='ocr_par' dir='ltr' id='par_1_28' title="bbox 2149 1698 2622 1756">
     <span class='ocr_line' id='line_1_93' title="bbox 2149 1698 2622 1756; baseline 0.002 -1"><span class='ocrx_word' id='word_1_350' title='bbox 2149 1698 2241 1756; x_wconf 90' lang='lat' dir='ltr'>bis</span> <span class='ocrx_word' id='word_1_351' title='bbox 2270 1715 2500 1756; x_wconf 88' lang='lat' dir='ltr'>seruare</span> <span class='ocrx_word' id='word_1_352' title='bbox 2530 1716 2622 1756; x_wconf 87' lang='lat' dir='ltr'>ser</span> 
     </span>
    </p>

    <p class='ocr_par' dir='ltr' id='par_1_29' title="bbox 2147 1789 2673 2039">
     <span class='ocr_line' id='line_1_94' title="bbox 2147 1789 2563 1851; baseline 0 -2"><span class='ocrx_word' id='word_1_353' title='bbox 2147 1801 2282 1849; x_wconf 88' lang='lat' dir='ltr'>uate</span> <span class='ocrx_word' id='word_1_354' title='bbox 2311 1801 2370 1850; x_wconf 93' lang='lat' dir='ltr'>et</span> <span class='ocrx_word' id='word_1_355' title='bbox 2396 1789 2563 1851; x_wconf 90' lang='lat' dir='ltr'>facite</span> 
     </span>
     <span class='ocr_line' id='line_1_95' title="bbox 2153 1884 2673 1944; baseline 0 0"><span class='ocrx_word' id='word_1_356' title='bbox 2153 1884 2490 1944; x_wconf 89' lang='lat' dir='ltr'>Secundum</span> <span class='ocrx_word' id='word_1_357' title='bbox 2518 1885 2673 1944; x_wconf 84' lang='lat' dir='ltr'>facta</span> 
     </span>
     <span class='ocr_line' id='line_1_96' title="bbox 2149 1997 2632 2039; baseline 0.004 -3"><span class='ocrx_word' id='word_1_358' title='bbox 2149 1997 2291 2038; x_wconf 91' lang='lat' dir='ltr'>uero</span> <span class='ocrx_word' id='word_1_359' title='bbox 2320 1997 2523 2039; x_wconf 91' lang='lat' dir='ltr'>eorum</span> <span class='ocrx_word' id='word_1_360' title='bbox 2553 1997 2632 2038; x_wconf 92' lang='lat' dir='ltr'>no</span> 
     </span>
    </p>

    <p class='ocr_par' dir='ltr' id='par_1_30' title="bbox 2148 2072 2606 2132">
     <span class='ocr_line' id='line_1_97' title="bbox 2148 2072 2606 2132; baseline 0 -1"><span class='ocrx_word' id='word_1_361' title='bbox 2148 2073 2246 2131; x_wconf 89' lang='lat' dir='ltr'>lite</span> <span class='ocrx_word' id='word_1_362' title='bbox 2275 2072 2463 2132; x_wconf 90' lang='lat' dir='ltr'>facere</span> <span class='ocrx_word' id='word_1_363' title='bbox 2487 2104 2501 2119; x_wconf 93' lang='lat'><strong>·</strong></span> <span class='ocrx_word' id='word_1_364' title='bbox 2546 2072 2606 2131; x_wconf 92' lang='lat' dir='ltr'>di</span> 
     </span>
    </p>

    <p class='ocr_par' dir='ltr' id='par_1_31' title="bbox 2148 2164 2667 2338">
     <span class='ocr_line' id='line_1_98' title="bbox 2149 2164 2667 2226; baseline -0.002 0"><span class='ocrx_word' id='word_1_365' title='bbox 2149 2177 2291 2226; x_wconf 91' lang='lat' dir='ltr'>cunt</span> <span class='ocrx_word' id='word_1_366' title='bbox 2318 2177 2376 2225; x_wconf 93' lang='lat' dir='ltr'>et</span> <span class='ocrx_word' id='word_1_367' title='bbox 2403 2184 2526 2225; x_wconf 90' lang='lat' dir='ltr'>non</span> <span class='ocrx_word' id='word_1_368' title='bbox 2555 2164 2667 2225; x_wconf 88' lang='lat' dir='ltr'>faci</span> 
     </span>
     <span class='ocr_line' id='line_1_99' title="bbox 2148 2260 2635 2338; baseline -0.002 -18"><span class='ocrx_word' id='word_1_369' title='bbox 2148 2271 2256 2320; x_wconf 90' lang='lat' dir='ltr'>unt</span> <span class='ocrx_word' id='word_1_370' title='bbox 2278 2292 2292 2307; x_wconf 94' lang='lat'><strong>·</strong></span> <span class='ocrx_word' id='word_1_371' title='bbox 2335 2261 2356 2293; x_wconf 78' lang='lat'><strong>⁴</strong></span> <span class='ocrx_word' id='word_1_372' title='bbox 2374 2260 2635 2338; x_wconf 90' lang='lat' dir='ltr'>Alligant</span> 
     </span>
    </p>
   </div>
   <div class='ocr_carea' id='block_1_12' title="bbox 2146 2395 2761 2738">
    <p class='ocr_par' dir='ltr' id='par_1_32' title="bbox 2146 2395 2761 2738">
     <span class='ocr_line' id='line_1_100' title="bbox 2149 2395 2727 2473; baseline -0.005 -18"><span class='ocrx_word' id='word_1_373' title='bbox 2149 2405 2344 2455; x_wconf 90' lang='lat' dir='ltr'>autem</span> <span class='ocrx_word' id='word_1_374' title='bbox 2373 2395 2594 2455; x_wconf 90' lang='lat' dir='ltr'>honera</span> <span class='ocrx_word' id='word_1_375' title='bbox 2621 2413 2727 2473; x_wconf 87' lang='lat' dir='ltr'>gra</span> 
     </span>
     <span class='ocr_line' id='line_1_101' title="bbox 2146 2490 2761 2567; baseline 0.002 -19"><span class='ocrx_word' id='word_1_376' title='bbox 2146 2491 2246 2549; x_wconf 90' lang='lat' dir='ltr'>uia</span> <span class='ocrx_word' id='word_1_377' title='bbox 2274 2501 2331 2550; x_wconf 90' lang='lat' dir='ltr'>et</span> <span class='ocrx_word' id='word_1_378' title='bbox 2359 2490 2727 2567; x_wconf 88' lang='lat' dir='ltr'>inportabilia</span> <span class='ocrx_word' id='word_1_379' title='bbox 2746 2521 2761 2536; x_wconf 90' lang='lat'><strong>·</strong></span> 
     </span>
     <span class='ocr_line' id='line_1_102' title="bbox 2148 2586 2722 2660; baseline -0.002 -18"><span class='ocrx_word' id='word_1_380' title='bbox 2148 2593 2206 2642; x_wconf 93' lang='lat' dir='ltr'>et</span> <span class='ocrx_word' id='word_1_381' title='bbox 2234 2586 2521 2660; x_wconf 89' lang='lat' dir='ltr'>inponunt</span> <span class='ocrx_word' id='word_1_382' title='bbox 2550 2602 2722 2660; x_wconf 89' lang='lat' dir='ltr'>super</span> 
     </span>
     <span class='ocr_line' id='line_1_103' title="bbox 2148 2677 2730 2738; baseline -0.002 -2"><span class='ocrx_word' id='word_1_383' title='bbox 2148 2677 2422 2736; x_wconf 85' lang='lat' dir='ltr'>humerus</span> <span class='ocrx_word' id='word_1_384' title='bbox 2451 2677 2693 2738; x_wconf 84' lang='lat' dir='ltr'>hominii</span> <span class='ocrx_word' id='word_1_385' title='bbox 2718 2704 2730 2717; x_wconf 94' lang='lat'><strong>·</strong></span> 
     </span>
    </p>
   </div>
   <div class='ocr_carea' id='block_1_13' title="bbox 2387 850 2855 911">
    <p class='ocr_par' dir='ltr' id='par_1_33' title="bbox 2387 850 2855 911">
     <span class='ocr_line' id='line_1_104' title="bbox 2387 850 2855 911; baseline -0.002 0"><span class='ocrx_word' id='word_1_386' title='bbox 2387 858 2489 911; x_wconf 82' lang='lat'>23.</span> <span class='ocrx_word' id='word_1_387' title='bbox 2519 850 2540 883; x_wconf 84' lang='lat'>¹</span> <span class='ocrx_word' id='word_1_388' title='bbox 2558 852 2734 911; x_wconf 91' lang='lat' dir='ltr'>Tunc</span> <span class='ocrx_word' id='word_1_389' title='bbox 2764 851 2855 910; x_wconf 79' lang='lat' dir='ltr'>ihs</span> 
     </span>
    </p>
   </div>
   <div class='ocr_carea' id='block_1_14' title="bbox 2901 570 3545 2324">
    <p class='ocr_par' dir='ltr' id='par_1_34' title="bbox 2902 570 3490 1194">
     <span class='ocr_line' id='line_1_105' title="bbox 2903 570 3425 631; baseline 0.004 -3"><span class='ocrx_word' id='word_1_390' title='bbox 2903 571 2952 628; x_wconf 91' lang='lat' dir='ltr'>ri</span> <span class='ocrx_word' id='word_1_391' title='bbox 2981 572 3058 629; x_wconf 95' lang='lat' dir='ltr'>ab</span> <span class='ocrx_word' id='word_1_392' title='bbox 3088 570 3425 631; x_wconf 89' lang='lat' dir='ltr'>hominibus</span> 
     </span>
     <span class='ocr_line' id='line_1_106' title="bbox 2903 664 3490 726; baseline 0.005 -3"><span class='ocrx_word' id='word_1_393' title='bbox 2903 666 3070 723; x_wconf 90' lang='lat' dir='ltr'>rabbi</span> <span class='ocrx_word' id='word_1_394' title='bbox 3095 696 3110 711; x_wconf 89' lang='lat'><strong>·</strong></span> <span class='ocrx_word' id='word_1_395' title='bbox 3154 665 3176 698; x_wconf 83' lang='lat'><strong>⁸</strong></span> <span class='ocrx_word' id='word_1_396' title='bbox 3198 664 3328 724; x_wconf 91' lang='lat' dir='ltr'>Uos</span> <span class='ocrx_word' id='word_1_397' title='bbox 3357 671 3490 726; x_wconf 70' lang='lat' dir='ltr'>aute</span> 
     </span>
     <span class='ocr_line' id='line_1_107' title="bbox 2905 759 3444 820; baseline 0.006 -3"><span class='ocrx_word' id='word_1_398' title='bbox 2905 759 3081 820; x_wconf 88' lang='lat' dir='ltr'>nolite</span> <span class='ocrx_word' id='word_1_399' title='bbox 3110 760 3309 820; x_wconf 90' lang='lat' dir='ltr'>uocari</span> <span class='ocrx_word' id='word_1_400' title='bbox 3336 762 3444 820; x_wconf 90' lang='lat' dir='ltr'>rab</span> 
     </span>
     <span class='ocr_line' id='line_1_108' title="bbox 2903 853 3432 912; baseline 0 0"><span class='ocrx_word' id='word_1_401' title='bbox 2903 853 2997 912; x_wconf 91' lang='lat' dir='ltr'>bi·</span> <span class='ocrx_word' id='word_1_402' title='bbox 3039 870 3192 911; x_wconf 89' lang='lat' dir='ltr'>unus</span> <span class='ocrx_word' id='word_1_403' title='bbox 3219 864 3307 912; x_wconf 91' lang='lat' dir='ltr'>est</span> <span class='ocrx_word' id='word_1_404' title='bbox 3333 860 3432 912; x_wconf 84' lang='lat' dir='ltr'>eni</span> 
     </span>
     <span class='ocr_line' id='line_1_109' title="bbox 2903 947 3384 1023; baseline 0.006 -19"><span class='ocrx_word' id='word_1_405' title='bbox 2903 947 3179 1023; x_wconf 84' lang='lat' dir='ltr'>magister</span> <span class='ocrx_word' id='word_1_406' title='bbox 3203 978 3219 994; x_wconf 89' lang='lat'><strong>·</strong></span> <span class='ocrx_word' id='word_1_407' title='bbox 3281 966 3384 1007; x_wconf 91' lang='lat' dir='ltr'>om</span> 
     </span>
     <span class='ocr_line' id='line_1_110' title="bbox 2904 1051 3362 1100; baseline 0.004 -2"><span class='ocrx_word' id='word_1_408' title='bbox 2904 1058 3009 1099; x_wconf 91' lang='lat' dir='ltr'>nes</span> <span class='ocrx_word' id='word_1_409' title='bbox 3038 1051 3233 1100; x_wconf 87' lang='lat' dir='ltr'>autem</span> <span class='ocrx_word' id='word_1_410' title='bbox 3254 1058 3362 1100; x_wconf 91' lang='lat' dir='ltr'>uos</span> 
     </span>
     <span class='ocr_line' id='line_1_111' title="bbox 2902 1134 3307 1194; baseline 0.002 -2"><span class='ocrx_word' id='word_1_411' title='bbox 2902 1134 3106 1194; x_wconf 86' lang='lat' dir='ltr'>fratres</span> <span class='ocrx_word' id='word_1_412' title='bbox 3133 1135 3268 1194; x_wconf 88' lang='lat' dir='ltr'>estis</span> <span class='ocrx_word' id='word_1_413' title='bbox 3291 1165 3307 1181; x_wconf 89' lang='lat'><strong>·</strong></span> 
     </span>
    </p>

    <p class='ocr_par' dir='ltr' id='par_1_35' title="bbox 2904 1228 3487 1682">
     <span class='ocr_line' id='line_1_112' title="bbox 2904 1228 3486 1306; baseline 0.002 -19"><span class='ocrx_word' id='word_1_414' title='bbox 2904 1230 2926 1263; x_wconf 85' lang='lat'><strong>⁹</strong></span> <span class='ocrx_word' id='word_1_415' title='bbox 2943 1228 3021 1288; x_wconf 92' lang='lat' dir='ltr'>Et</span> <span class='ocrx_word' id='word_1_416' title='bbox 3047 1240 3272 1306; x_wconf 90' lang='lat' dir='ltr'>patrem</span> <span class='ocrx_word' id='word_1_417' title='bbox 3301 1229 3486 1289; x_wconf 87' lang='lat' dir='ltr'>nolite</span> 
     </span>
     <span class='ocr_line' id='line_1_113' title="bbox 2905 1324 3418 1383; baseline 0 -1"><span class='ocrx_word' id='word_1_418' title='bbox 2905 1342 3121 1383; x_wconf 93' lang='lat' dir='ltr'>uocare</span> <span class='ocrx_word' id='word_1_419' title='bbox 3150 1324 3322 1383; x_wconf 90' lang='lat' dir='ltr'>uobis</span> <span class='ocrx_word' id='word_1_420' title='bbox 3350 1341 3418 1382; x_wconf 90' lang='lat' dir='ltr'>su</span> 
     </span>
     <span class='ocr_line' id='line_1_114' title="bbox 2905 1428 3293 1495; baseline -0.003 -19"><span class='ocrx_word' id='word_1_421' title='bbox 2905 1436 3011 1495; x_wconf 91' lang='lat' dir='ltr'>per</span> <span class='ocrx_word' id='word_1_422' title='bbox 3041 1428 3255 1477; x_wconf 89' lang='lat' dir='ltr'>terram</span> <span class='ocrx_word' id='word_1_423' title='bbox 3277 1449 3293 1464; x_wconf 94' lang='lat'><strong>·</strong></span> 
     </span>
     <span class='ocr_line' id='line_1_115' title="bbox 2906 1511 3487 1589; baseline 0 -19"><span class='ocrx_word' id='word_1_424' title='bbox 2906 1511 3080 1571; x_wconf 87' lang='lat' dir='ltr'>Unus</span> <span class='ocrx_word' id='word_1_425' title='bbox 3108 1523 3196 1571; x_wconf 90' lang='lat' dir='ltr'>est</span> <span class='ocrx_word' id='word_1_426' title='bbox 3223 1511 3381 1570; x_wconf 90' lang='lat' dir='ltr'>enim</span> <span class='ocrx_word' id='word_1_427' title='bbox 3409 1529 3487 1589; x_wconf 92' lang='lat' dir='ltr'>pa</span> 
     </span>
     <span class='ocr_line' id='line_1_116' title="bbox 2905 1606 3337 1682; baseline -0.005 -16"><span class='ocrx_word' id='word_1_428' title='bbox 2905 1616 2991 1666; x_wconf 91' lang='lat' dir='ltr'>ter</span> <span class='ocrx_word' id='word_1_429' title='bbox 3017 1616 3209 1665; x_wconf 91' lang='lat' dir='ltr'>uester</span> <span class='ocrx_word' id='word_1_430' title='bbox 3237 1606 3337 1682; x_wconf 87' lang='lat' dir='ltr'>qui</span> 
     </span>
    </p>

    <p class='ocr_par' dir='ltr' id='par_1_36' title="bbox 2901 1697 3545 2324">
     <span class='ocr_line' id='line_1_117' title="bbox 2904 1697 3545 1759; baseline -0.002 0"><span class='ocrx_word' id='word_1_431' title='bbox 2904 1701 2966 1759; x_wconf 91' lang='lat' dir='ltr'>in</span> <span class='ocrx_word' id='word_1_432' title='bbox 2995 1700 3172 1759; x_wconf 87' lang='lat' dir='ltr'>caelis</span> <span class='ocrx_word' id='word_1_433' title='bbox 3198 1710 3287 1759; x_wconf 87' lang='lat' dir='ltr'>est</span> <span class='ocrx_word' id='word_1_434' title='bbox 3310 1729 3324 1744; x_wconf 94' lang='lat'><strong>·</strong></span> <span class='ocrx_word' id='word_1_435' title='bbox 3369 1697 3414 1731; x_wconf 86' lang='lat'>¹⁰</span> <span class='ocrx_word' id='word_1_436' title='bbox 3435 1717 3545 1758; x_wconf 90' lang='lat' dir='ltr'>nec</span> 
     </span>
     <span class='ocr_line' id='line_1_118' title="bbox 2904 1793 3418 1868; baseline -0.004 -16"><span class='ocrx_word' id='word_1_437' title='bbox 2904 1793 3198 1853; x_wconf 89' lang='lat' dir='ltr'>uocemini</span> <span class='ocrx_word' id='word_1_438' title='bbox 3226 1793 3418 1868; x_wconf 85' lang='lat' dir='ltr'>magis</span> 
     </span>
     <span class='ocr_line' id='line_1_119' title="bbox 2905 1888 3445 1946; baseline -0.004 0"><span class='ocrx_word' id='word_1_439' title='bbox 2905 1888 2975 1946; x_wconf 87' lang='lat' dir='ltr'>tri</span> <span class='ocrx_word' id='word_1_440' title='bbox 2995 1917 3008 1932; x_wconf 93' lang='lat'><strong>·</strong></span> <span class='ocrx_word' id='word_1_441' title='bbox 3051 1904 3205 1944; x_wconf 92' lang='lat' dir='ltr'>unus</span> <span class='ocrx_word' id='word_1_442' title='bbox 3232 1896 3321 1945; x_wconf 90' lang='lat' dir='ltr'>est</span> <span class='ocrx_word' id='word_1_443' title='bbox 3347 1893 3445 1944; x_wconf 84' lang='lat' dir='ltr'>en&#39;i</span> 
     </span>
     <span class='ocr_line' id='line_1_120' title="bbox 2904 1981 3397 2057; baseline -0.006 -17"><span class='ocrx_word' id='word_1_444' title='bbox 2904 1981 3179 2057; x_wconf 82' lang='lat' dir='ltr'>magister</span> <span class='ocrx_word' id='word_1_445' title='bbox 3206 1989 3397 2038; x_wconf 90' lang='lat' dir='ltr'>uester</span> 
     </span>
     <span class='ocr_line' id='line_1_121' title="bbox 2904 2073 3486 2152; baseline -0.005 -18"><span class='ocrx_word' id='word_1_446' title='bbox 2904 2081 3017 2151; x_wconf 74' lang='lat' dir='ltr'>xps</span> <span class='ocrx_word' id='word_1_447' title='bbox 3041 2107 3054 2122; x_wconf 91' lang='lat'><em>·</em></span> <span class='ocrx_word' id='word_1_448' title='bbox 3098 2073 3141 2108; x_wconf 83' lang='lat'>¹¹</span> <span class='ocrx_word' id='word_1_449' title='bbox 3163 2075 3262 2152; x_wconf 90' lang='lat' dir='ltr'>qui</span> <span class='ocrx_word' id='word_1_450' title='bbox 3291 2083 3486 2132; x_wconf 92' lang='lat' dir='ltr'>autem</span> 
     </span>
     <span class='ocr_line' id='line_1_122' title="bbox 2901 2169 3472 2228; baseline -0.005 -1"><span class='ocrx_word' id='word_1_451' title='bbox 2901 2169 3092 2228; x_wconf 89' lang='lat' dir='ltr'>maior</span> <span class='ocrx_word' id='word_1_452' title='bbox 3119 2180 3208 2228; x_wconf 91' lang='lat' dir='ltr'>est</span> <span class='ocrx_word' id='word_1_453' title='bbox 3233 2173 3430 2226; x_wconf 78' lang='lat' dir='ltr'>uestrfi</span> <span class='ocrx_word' id='word_1_454' title='bbox 3459 2199 3472 2213; x_wconf 93' lang='lat'><strong>·</strong></span> 
     </span>
     <span class='ocr_line' id='line_1_123' title="bbox 2901 2264 3424 2324; baseline -0.002 -2"><span class='ocrx_word' id='word_1_455' title='bbox 2901 2264 3007 2324; x_wconf 89' lang='lat' dir='ltr'>erit</span> <span class='ocrx_word' id='word_1_456' title='bbox 3035 2264 3292 2322; x_wconf 89' lang='lat' dir='ltr'>minister</span> <span class='ocrx_word' id='word_1_457' title='bbox 3320 2279 3424 2321; x_wconf 90' lang='lat' dir='ltr'>ues</span> 
     </span>
    </p>
   </div>
   <div class='ocr_carea' id='block_1_15' title="bbox 2901 2394 3576 2737">
    <p class='ocr_par' dir='ltr' id='par_1_37' title="bbox 2901 2394 3576 2656">
     <span class='ocr_line' id='line_1_124' title="bbox 2901 2394 3576 2472; baseline -0.004 -19"><span class='ocrx_word' id='word_1_458' title='bbox 2901 2406 2990 2454; x_wconf 90' lang='lat' dir='ltr'>ter</span> <span class='ocrx_word' id='word_1_459' title='bbox 3010 2426 3024 2441; x_wconf 93' lang='lat'><strong>·</strong></span> <span class='ocrx_word' id='word_1_460' title='bbox 3088 2394 3134 2428; x_wconf 77' lang='lat'>¹²</span> <span class='ocrx_word' id='word_1_461' title='bbox 3151 2394 3248 2472; x_wconf 93' lang='lat' dir='ltr'>qui</span> <span class='ocrx_word' id='word_1_462' title='bbox 3276 2402 3473 2451; x_wconf 90' lang='lat' dir='ltr'>autem</span> <span class='ocrx_word' id='word_1_463' title='bbox 3500 2409 3576 2451; x_wconf 87' lang='lat' dir='ltr'>ex</span> 
     </span>
     <span class='ocr_line' id='line_1_125' title="bbox 2903 2487 3455 2548; baseline -0.004 0"><span class='ocrx_word' id='word_1_464' title='bbox 2903 2488 3168 2548; x_wconf 86' lang='lat' dir='ltr'>altauerit</span> <span class='ocrx_word' id='word_1_465' title='bbox 3198 2505 3261 2547; x_wconf 92' lang='lat' dir='ltr'>se</span> <span class='ocrx_word' id='word_1_466' title='bbox 3288 2487 3455 2546; x_wconf 90' lang='lat' dir='ltr'>humi</span> 
     </span>
     <span class='ocr_line' id='line_1_126' title="bbox 2903 2581 3399 2656; baseline -0.006 -15"><span class='ocrx_word' id='word_1_467' title='bbox 2903 2584 3131 2642; x_wconf 90' lang='lat' dir='ltr'>liabitur</span> <span class='ocrx_word' id='word_1_468' title='bbox 3154 2613 3169 2628; x_wconf 90' lang='lat'><strong>·</strong></span> <span class='ocrx_word' id='word_1_469' title='bbox 3212 2592 3271 2640; x_wconf 90' lang='lat' dir='ltr'>et</span> <span class='ocrx_word' id='word_1_470' title='bbox 3298 2581 3399 2656; x_wconf 92' lang='lat' dir='ltr'>qui</span> 
     </span>
    </p>

    <p class='ocr_par' dir='ltr' id='par_1_38' title="bbox 2903 2675 3415 2737">
     <span class='ocr_line' id='line_1_127' title="bbox 2903 2675 3415 2737; baseline -0.008 0"><span class='ocrx_word' id='word_1_471' title='bbox 2903 2696 2965 2737; x_wconf 90' lang='lat' dir='ltr'>se</span> <span class='ocrx_word' id='word_1_472' title='bbox 2994 2676 3256 2735; x_wconf 89' lang='lat' dir='ltr'>humiliat</span> <span class='ocrx_word' id='word_1_473' title='bbox 3283 2675 3415 2733; x_wconf 84' lang='lat' dir='ltr'>exal</span> 
     </span>
    </p>
   </div>
   <div class='ocr_carea' id='block_1_16' title="bbox 2147 2771 3361 2849">
    <p class='ocr_par' dir='ltr' id='par_1_39' title="bbox 2147 2771 3361 2849">
     <span class='ocr_line' id='line_1_128' title="bbox 2147 2771 3361 2849; baseline -0.002 -19"><span class='ocrx_word' id='word_1_474' title='bbox 2147 2771 2347 2849; x_wconf 89' lang='lat' dir='ltr'>Digito</span> <span class='ocrx_word' id='word_1_475' title='bbox 2375 2781 2569 2831; x_wconf 90' lang='lat' dir='ltr'>autem</span> <span class='ocrx_word' id='word_1_476' title='bbox 2598 2790 2705 2832; x_wconf 89' lang='lat' dir='ltr'>suo</span> <span class='ocrx_word' id='word_1_477' title='bbox 2733 2789 2814 2831; x_wconf 92' lang='lat' dir='ltr'>no</span> <span class='ocrx_word' id='word_1_478' title='bbox 2901 2772 3111 2832; x_wconf 91' lang='lat' dir='ltr'>tabitur</span> <span class='ocrx_word' id='word_1_479' title='bbox 3134 2801 3149 2816; x_wconf 90' lang='lat'><strong>·</strong></span> <span class='ocrx_word' id='word_1_480' title='bbox 3168 2794 3251 2821; x_wconf 70' lang='lat' dir='ltr'>-e-</span> <span class='ocrx_word' id='word_1_481' title='bbox 3278 2793 3361 2820; x_wconf 70' lang='lat' dir='ltr'>-e-</span> 
     </span>
    </p>
   </div>
   <div class='ocr_carea' id='block_1_17' title="bbox 2146 2867 2777 4336">
    <p class='ocr_par' dir='ltr' id='par_1_40' title="bbox 2146 2867 2777 4336">
     <span class='ocr_line' id='line_1_129' title="bbox 2146 2867 2757 2926; baseline 0.002 -1"><span class='ocrx_word' id='word_1_482' title='bbox 2146 2867 2275 2926; x_wconf 88' lang='lat' dir='ltr'>lunt</span> <span class='ocrx_word' id='word_1_483' title='bbox 2302 2884 2538 2926; x_wconf 90' lang='lat' dir='ltr'>mouere</span> <span class='ocrx_word' id='word_1_484' title='bbox 2566 2885 2637 2926; x_wconf 85' lang='lat' dir='ltr'>ea</span> <span class='ocrx_word' id='word_1_485' title='bbox 2655 2897 2757 2912; x_wconf 93' lang='lat'>·—</span> 
     </span>
     <span class='ocr_line' id='line_1_130' title="bbox 2147 2959 2774 3037; baseline -0.002 -16"><span class='ocrx_word' id='word_1_486' title='bbox 2147 2960 2169 2993; x_wconf 76' lang='lat'><strong>⁶</strong></span> <span class='ocrx_word' id='word_1_487' title='bbox 2187 2959 2408 3021; x_wconf 89' lang='lat' dir='ltr'>Omnia</span> <span class='ocrx_word' id='word_1_488' title='bbox 2436 2969 2629 3019; x_wconf 88' lang='lat' dir='ltr'>autem</span> <span class='ocrx_word' id='word_1_489' title='bbox 2659 2978 2774 3037; x_wconf 90' lang='lat' dir='ltr'>ope</span> 
     </span>
     <span class='ocr_line' id='line_1_131' title="bbox 2146 3054 2724 3114; baseline 0.003 -2"><span class='ocrx_word' id='word_1_490' title='bbox 2146 3074 2212 3114; x_wconf 91' lang='lat' dir='ltr'>ra</span> <span class='ocrx_word' id='word_1_491' title='bbox 2242 3073 2345 3113; x_wconf 90' lang='lat' dir='ltr'>sua</span> <span class='ocrx_word' id='word_1_492' title='bbox 2373 3054 2591 3114; x_wconf 90' lang='lat' dir='ltr'>faciunt</span> <span class='ocrx_word' id='word_1_493' title='bbox 2614 3088 2627 3101; x_wconf 94' lang='lat'>·</span> <span class='ocrx_word' id='word_1_494' title='bbox 2660 3066 2724 3114; x_wconf 99' lang='lat' dir='ltr'>ut</span> 
     </span>
     <span class='ocr_line' id='line_1_132' title="bbox 2147 3147 2666 3208; baseline 0.004 -2"><span class='ocrx_word' id='word_1_495' title='bbox 2147 3148 2455 3208; x_wconf 87' lang='lat' dir='ltr'>uideantur</span> <span class='ocrx_word' id='word_1_496' title='bbox 2483 3149 2559 3208; x_wconf 92' lang='lat' dir='ltr'>ab</span> <span class='ocrx_word' id='word_1_497' title='bbox 2585 3147 2666 3208; x_wconf 92' lang='lat' dir='ltr'>ho</span> 
     </span>
     <span class='ocr_line' id='line_1_133' title="bbox 2148 3241 2744 3304; baseline 0.007 -4"><span class='ocrx_word' id='word_1_498' title='bbox 2148 3243 2402 3300; x_wconf 88' lang='lat' dir='ltr'>minibus</span> <span class='ocrx_word' id='word_1_499' title='bbox 2426 3274 2440 3288; x_wconf 94' lang='lat'><strong>·</strong></span> <span class='ocrx_word' id='word_1_500' title='bbox 2485 3241 2744 3304; x_wconf 89' lang='lat' dir='ltr'>Dilatant</span> 
     </span>
     <span class='ocr_line' id='line_1_134' title="bbox 2148 3337 2615 3396; baseline 0.004 -2"><span class='ocrx_word' id='word_1_501' title='bbox 2148 3337 2308 3395; x_wconf 87' lang='lat' dir='ltr'>enim</span> <span class='ocrx_word' id='word_1_502' title='bbox 2339 3337 2615 3396; x_wconf 89' lang='lat' dir='ltr'>filacteria</span> 
     </span>
     <span class='ocr_line' id='line_1_135' title="bbox 2151 3432 2663 3509; baseline 0.002 -20"><span class='ocrx_word' id='word_1_503' title='bbox 2151 3448 2257 3489; x_wconf 90' lang='lat' dir='ltr'>sua</span> <span class='ocrx_word' id='word_1_504' title='bbox 2276 3461 2291 3476; x_wconf 90' lang='lat'><strong>·</strong></span> <span class='ocrx_word' id='word_1_505' title='bbox 2334 3441 2394 3490; x_wconf 90' lang='lat' dir='ltr'>et</span> <span class='ocrx_word' id='word_1_506' title='bbox 2421 3432 2663 3509; x_wconf 89' lang='lat' dir='ltr'>magnifi</span> 
     </span>
     <span class='ocr_line' id='line_1_136' title="bbox 2151 3526 2588 3585; baseline 0 -1"><span class='ocrx_word' id='word_1_507' title='bbox 2151 3536 2291 3585; x_wconf 91' lang='lat' dir='ltr'>cant</span> <span class='ocrx_word' id='word_1_508' title='bbox 2319 3526 2588 3584; x_wconf 88' lang='lat' dir='ltr'>fimbreas</span> 
     </span>
     <span class='ocr_line' id='line_1_137' title="bbox 2152 3621 2635 3679; baseline -0.002 0"><span class='ocrx_word' id='word_1_509' title='bbox 2152 3621 2635 3679; x_wconf 89' lang='lat' dir='ltr'>uestimentorum</span> 
     </span>
     <span class='ocr_line' id='line_1_138' title="bbox 2151 3713 2754 3774; baseline -0.002 -1"><span class='ocrx_word' id='word_1_510' title='bbox 2151 3730 2393 3774; x_wconf 85' lang='lat' dir='ltr'>suorum</span> <span class='ocrx_word' id='word_1_511' title='bbox 2417 3745 2431 3759; x_wconf 94' lang='lat'><strong>·</strong></span> <span class='ocrx_word' id='word_1_512' title='bbox 2495 3713 2517 3746; x_wconf 82' lang='lat'><strong>⁶</strong></span> <span class='ocrx_word' id='word_1_513' title='bbox 2533 3713 2754 3772; x_wconf 84' lang='lat' dir='ltr'>Amant</span> 
     </span>
     <span class='ocr_line' id='line_1_139' title="bbox 2152 3806 2629 3884; baseline 0 -19"><span class='ocrx_word' id='word_1_514' title='bbox 2152 3817 2347 3866; x_wconf 91' lang='lat' dir='ltr'>autem</span> <span class='ocrx_word' id='word_1_515' title='bbox 2373 3806 2629 3884; x_wconf 87' lang='lat' dir='ltr'>primum</span> 
     </span>
     <span class='ocr_line' id='line_1_140' title="bbox 2151 3900 2711 3960; baseline 0.004 -2"><span class='ocrx_word' id='word_1_516' title='bbox 2151 3901 2478 3960; x_wconf 88' lang='lat' dir='ltr'>recubitum</span> <span class='ocrx_word' id='word_1_517' title='bbox 2503 3900 2566 3959; x_wconf 91' lang='lat' dir='ltr'>in</span> <span class='ocrx_word' id='word_1_518' title='bbox 2595 3918 2711 3960; x_wconf 90' lang='lat' dir='ltr'>con</span> 
     </span>
     <span class='ocr_line' id='line_1_141' title="bbox 2153 3991 2704 4070; baseline -0.004 -16"><span class='ocrx_word' id='word_1_519' title='bbox 2153 3991 2322 4054; x_wconf 81' lang='lat' dir='ltr'>uiuiis</span> <span class='ocrx_word' id='word_1_520' title='bbox 2345 4026 2359 4041; x_wconf 93' lang='lat'><strong>·</strong></span> <span class='ocrx_word' id='word_1_521' title='bbox 2402 4004 2461 4053; x_wconf 91' lang='lat' dir='ltr'>et</span> <span class='ocrx_word' id='word_1_522' title='bbox 2487 3994 2704 4070; x_wconf 89' lang='lat' dir='ltr'>primas</span> 
     </span>
     <span class='ocr_line' id='line_1_142' title="bbox 2153 4088 2760 4164; baseline -0.003 -14"><span class='ocrx_word' id='word_1_523' title='bbox 2153 4089 2457 4150; x_wconf 88' lang='lat' dir='ltr'>cathedras</span> <span class='ocrx_word' id='word_1_524' title='bbox 2484 4088 2506 4122; x_wconf 84' lang='lat'>⁷</span> <span class='ocrx_word' id='word_1_525' title='bbox 2525 4089 2586 4146; x_wconf 92' lang='lat' dir='ltr'>in</span> <span class='ocrx_word' id='word_1_526' title='bbox 2613 4106 2760 4164; x_wconf 86' lang='lat' dir='ltr'>syna</span> 
     </span>
     <span class='ocr_line' id='line_1_143' title="bbox 2152 4182 2756 4261; baseline -0.005 -16"><span class='ocrx_word' id='word_1_527' title='bbox 2152 4184 2326 4261; x_wconf 85' lang='lat' dir='ltr'>gogis</span> <span class='ocrx_word' id='word_1_528' title='bbox 2344 4215 2358 4230; x_wconf 92' lang='lat'><strong>·</strong></span> <span class='ocrx_word' id='word_1_529' title='bbox 2402 4192 2460 4242; x_wconf 90' lang='lat' dir='ltr'>et</span> <span class='ocrx_word' id='word_1_530' title='bbox 2489 4182 2756 4242; x_wconf 89' lang='lat' dir='ltr'>salutatio</span> 
     </span>
     <span class='ocr_line' id='line_1_144' title="bbox 2671 4292 2777 4336; baseline 0.019 -2"><span class='ocrx_word' id='word_1_531' title='bbox 2671 4292 2777 4336; x_wconf 86' lang='lat' dir='ltr'>nes</span> 
     </span>
    </p>
   </div>
   <div class='ocr_carea' id='block_1_18' title="bbox 2852 2863 3586 3395">
    <p class='ocr_par' dir='ltr' id='par_1_41' title="bbox 2854 2863 3586 3021">
     <span class='ocr_line' id='line_1_145' title="bbox 2855 2863 3586 2940; baseline -0.003 -15"><span class='ocrx_word' id='word_1_532' title='bbox 2855 2866 2885 2900; x_wconf 83' lang='grc'><strong><em>*</em></strong></span> <span class='ocrx_word' id='word_1_533' title='bbox 2904 2866 2948 2901; x_wconf 77' lang='lat'>²⁹</span> <span class='ocrx_word' id='word_1_534' title='bbox 2966 2866 3095 2925; x_wconf 93' lang='lat' dir='ltr'>Uae</span> <span class='ocrx_word' id='word_1_535' title='bbox 3123 2874 3320 2924; x_wconf 90' lang='lat' dir='ltr'>autem</span> <span class='ocrx_word' id='word_1_536' title='bbox 3347 2863 3517 2924; x_wconf 84' lang='lat' dir='ltr'>uobis</span> <span class='ocrx_word' id='word_1_537' title='bbox 3583 2937 3586 2940; x_wconf 13' lang='grc' dir='ltr'><em>Α</em></span> 
     </span>
     <span class='ocr_line' id='line_1_146' title="bbox 2854 2958 3394 3021; baseline -0.009 0"><span class='ocrx_word' id='word_1_538' title='bbox 2854 2960 2884 2994; x_wconf 83' lang='grc'><strong><em>*</em></strong></span> <span class='ocrx_word' id='word_1_539' title='bbox 2904 2961 3092 3021; x_wconf 89' lang='lat' dir='ltr'>scribe</span> <span class='ocrx_word' id='word_1_540' title='bbox 3119 2970 3177 3019; x_wconf 92' lang='lat' dir='ltr'>et</span> <span class='ocrx_word' id='word_1_541' title='bbox 3204 2958 3394 3017; x_wconf 86' lang='lat' dir='ltr'>farisei</span> 
     </span>
    </p>

    <p class='ocr_par' dir='ltr' id='par_1_42' title="bbox 2852 3053 3342 3131">
     <span class='ocr_line' id='line_1_147' title="bbox 2852 3053 3342 3131; baseline -0.008 -17"><span class='ocrx_word' id='word_1_542' title='bbox 2852 3053 2881 3087; x_wconf 90' lang='lat'><strong>*</strong></span> <span class='ocrx_word' id='word_1_543' title='bbox 2903 3054 3239 3131; x_wconf 89' lang='lat' dir='ltr'>hypocritae</span> <span class='ocrx_word' id='word_1_544' title='bbox 3260 3086 3342 3095; x_wconf 93' lang='lat'><strong>—</strong></span> 
     </span>
    </p>

    <p class='ocr_par' dir='ltr' id='par_1_43' title="bbox 2854 3147 3347 3225">
     <span class='ocr_line' id='line_1_148' title="bbox 2854 3147 3347 3225; baseline -0.006 -17"><span class='ocrx_word' id='word_1_545' title='bbox 2854 3147 2883 3181; x_wconf 90' lang='lat'><strong>*</strong></span> <span class='ocrx_word' id='word_1_546' title='bbox 2905 3150 3039 3225; x_wconf 92' lang='lat' dir='ltr'>quia</span> <span class='ocrx_word' id='word_1_547' title='bbox 3067 3147 3347 3206; x_wconf 87' lang='lat' dir='ltr'>edificatis</span> 
     </span>
    </p>

    <p class='ocr_par' dir='ltr' id='par_1_44' title="bbox 2856 3240 3356 3319">
     <span class='ocr_line' id='line_1_149' title="bbox 2856 3240 3356 3319; baseline -0.002 -17"><span class='ocrx_word' id='word_1_548' title='bbox 2856 3240 2885 3274; x_wconf 90' lang='lat'><strong>*</strong></span> <span class='ocrx_word' id='word_1_549' title='bbox 2909 3242 3218 3319; x_wconf 89' lang='lat' dir='ltr'>sepulchra</span> <span class='ocrx_word' id='word_1_550' title='bbox 3246 3260 3356 3319; x_wconf 93' lang='lat' dir='ltr'>pro</span> 
     </span>
    </p>

    <p class='ocr_par' dir='ltr' id='par_1_45' title="bbox 2856 3333 3381 3395">
     <span class='ocr_line' id='line_1_150' title="bbox 2856 3333 3381 3395; baseline -0.004 -1"><span class='ocrx_word' id='word_1_551' title='bbox 2856 3333 2886 3367; x_wconf 82' lang='grc'><strong><em>*</em></strong></span> <span class='ocrx_word' id='word_1_552' title='bbox 2906 3336 3152 3395; x_wconf 86' lang='lat' dir='ltr'>fetarum</span> <span class='ocrx_word' id='word_1_553' title='bbox 3172 3367 3186 3381; x_wconf 93' lang='lat'><strong>·</strong></span> <span class='ocrx_word' id='word_1_554' title='bbox 3230 3346 3289 3395; x_wconf 91' lang='lat' dir='ltr'>et</span> <span class='ocrx_word' id='word_1_555' title='bbox 3313 3354 3381 3394; x_wconf 92' lang='lat' dir='ltr'>or</span> 
     </span>
    </p>
   </div>
   <div class='ocr_carea' id='block_1_19' title="bbox 2903 3430 3509 4255">
    <p class='ocr_par' dir='ltr' id='par_1_46' title="bbox 2905 3430 3405 3489">
     <span class='ocr_line' id='line_1_151' title="bbox 2905 3430 3405 3489; baseline -0.008 0"><span class='ocrx_word' id='word_1_556' title='bbox 2905 3430 3055 3489; x_wconf 89' lang='lat' dir='ltr'>natis</span> <span class='ocrx_word' id='word_1_557' title='bbox 3082 3446 3405 3489; x_wconf 90' lang='lat' dir='ltr'>monumen</span> 
     </span>
    </p>

    <p class='ocr_par' dir='ltr' id='par_1_47' title="bbox 2903 3520 3419 3768">
     <span class='ocr_line' id='line_1_152' title="bbox 2903 3520 3417 3582; baseline -0.004 0"><span class='ocrx_word' id='word_1_558' title='bbox 2903 3533 2963 3582; x_wconf 89' lang='lat' dir='ltr'>ta</span> <span class='ocrx_word' id='word_1_559' title='bbox 2990 3524 3271 3580; x_wconf 91' lang='lat' dir='ltr'>iustorum</span> <span class='ocrx_word' id='word_1_560' title='bbox 3298 3520 3417 3580; x_wconf 72' lang='lat' dir='ltr'>⁸‘’et</span> 
     </span>
     <span class='ocr_line' id='line_1_153' title="bbox 2905 3613 3419 3692; baseline -0.002 -17"><span class='ocrx_word' id='word_1_561' title='bbox 2905 3616 3091 3675; x_wconf 88' lang='lat' dir='ltr'>dicitis</span> <span class='ocrx_word' id='word_1_562' title='bbox 3119 3615 3253 3692; x_wconf 93' lang='lat' dir='ltr'>quia</span> <span class='ocrx_word' id='word_1_563' title='bbox 3282 3615 3328 3673; x_wconf 89' lang='lat' dir='ltr'>si</span> <span class='ocrx_word' id='word_1_564' title='bbox 3356 3613 3419 3674; x_wconf 90' lang='lat' dir='ltr'>fu</span> 
     </span>
     <span class='ocr_line' id='line_1_154' title="bbox 2904 3707 3364 3768; baseline -0.007 0"><span class='ocrx_word' id='word_1_565' title='bbox 2904 3711 3152 3768; x_wconf 89' lang='lat' dir='ltr'>issemus</span> <span class='ocrx_word' id='word_1_566' title='bbox 3179 3709 3240 3765; x_wconf 91' lang='lat' dir='ltr'>in</span> <span class='ocrx_word' id='word_1_567' title='bbox 3270 3707 3364 3766; x_wconf 91' lang='lat' dir='ltr'>die</span> 
     </span>
    </p>

    <p class='ocr_par' dir='ltr' id='par_1_48' title="bbox 2905 3804 3509 4255">
     <span class='ocr_line' id='line_1_155' title="bbox 2905 3804 3414 3878; baseline -0.006 -15"><span class='ocrx_word' id='word_1_568' title='bbox 2905 3804 3015 3863; x_wconf 93' lang='lat' dir='ltr'>bus</span> <span class='ocrx_word' id='word_1_569' title='bbox 3041 3812 3273 3878; x_wconf 90' lang='lat' dir='ltr'>patrum</span> <span class='ocrx_word' id='word_1_570' title='bbox 3301 3819 3414 3861; x_wconf 87' lang='lat' dir='ltr'>nos</span> 
     </span>
     <span class='ocr_line' id='line_1_156' title="bbox 2907 3908 3424 3957; baseline -0.002 -1"><span class='ocrx_word' id='word_1_571' title='bbox 2907 3908 3126 3957; x_wconf 89' lang='lat' dir='ltr'>trorum</span> <span class='ocrx_word' id='word_1_572' title='bbox 3149 3926 3164 3942; x_wconf 91' lang='lat'><strong>·</strong></span> <span class='ocrx_word' id='word_1_573' title='bbox 3209 3913 3331 3955; x_wconf 90' lang='lat' dir='ltr'>non</span> <span class='ocrx_word' id='word_1_574' title='bbox 3359 3914 3424 3955; x_wconf 89' lang='lat' dir='ltr'>es</span> 
     </span>
     <span class='ocr_line' id='line_1_157' title="bbox 2907 3989 3444 4051; baseline -0.002 0"><span class='ocrx_word' id='word_1_575' title='bbox 2907 4006 3103 4051; x_wconf 87' lang='lat' dir='ltr'>semus</span> <span class='ocrx_word' id='word_1_576' title='bbox 3132 3989 3274 4048; x_wconf 90' lang='lat' dir='ltr'>socii</span> <span class='ocrx_word' id='word_1_577' title='bbox 3300 3996 3444 4050; x_wconf 70' lang='lat' dir='ltr'>eoru</span> 
     </span>
     <span class='ocr_line' id='line_1_158' title="bbox 2907 4083 3418 4160; baseline 0 -18"><span class='ocrx_word' id='word_1_578' title='bbox 2907 4084 2967 4142; x_wconf 90' lang='lat' dir='ltr'>in</span> <span class='ocrx_word' id='word_1_579' title='bbox 2997 4083 3279 4160; x_wconf 89' lang='lat' dir='ltr'>sanguine</span> <span class='ocrx_word' id='word_1_580' title='bbox 3308 4102 3418 4159; x_wconf 93' lang='lat' dir='ltr'>pro</span> 
     </span>
     <span class='ocr_line' id='line_1_159' title="bbox 2906 4175 3509 4255; baseline 0.003 -19"><span class='ocrx_word' id='word_1_581' title='bbox 2906 4178 3153 4238; x_wconf 86' lang='lat' dir='ltr'>fetarum</span> <span class='ocrx_word' id='word_1_582' title='bbox 3177 4209 3192 4223; x_wconf 94' lang='lat'><strong>·</strong></span> <span class='ocrx_word' id='word_1_583' title='bbox 3235 4175 3278 4209; x_wconf 82' lang='lat'>⁸¹</span> <span class='ocrx_word' id='word_1_584' title='bbox 3304 4177 3509 4255; x_wconf 90' lang='lat' dir='ltr'>Itaque</span> 
     </span>
    </p>
   </div>
  </div>
 </body>
</html>
