4414 4917
876 419 1095 484 xxxvi
1850 421 1973 483 IN
1977 420 2095 481 TR
2105 420 2226 481 OD
2236 420 2350 482 UC
2357 422 2460 495 TI
2459 421 2584 485 ΟΝ
2587 470 2602 486 .

878 592 1122 653 Selected
1134 593 1399 669 readings
1420 593 1542 651 and
1554 593 1884 670 renderings
1913 597 1974 652 z'n
1992 594 2184 654 which
2290 594 2531 656 Selected
2544 598 2811 673 readings
2827 599 2949 656 and
2961 599 3292 674 rendere'ngs
3314 599 3375 656 in
3402 596 3589 657 which

1121 693 1152 751 f
1169 712 1210 772 q
1236 692 1402 769 dtffer
1404 693 1580 770 from
1608 692 1739 750 each
1768 692 1938 752 other.
2146 779 2149 783 .
2532 697 2560 755 f
2617 715 2660 775 q
2713 717 2815 756 are
2866 700 3076 774 agreed
3136 701 3372 776 against
3430 699 3585 759 other

875 790 1037 870 John
1065 791 1123 850 ii.
2532 795 2838 872 European
2866 802 3035 858 texts.
3530 804 3537 811 '

2331 1010 2383 1068 5.
2428 993 2571 1053 dixit
2598 1004 2792 1053 autem
2799 994 2866 1075 s
2876 1014 2912 1070 q
2941 992 3041 1073 (cf.
3068 1016 3095 1053 e
3123 994 3310 1074 dixit).

2611 1092 2749 1154 dicit
2776 1114 2813 1152 a
2841 1094 2874 1154 b
2902 1093 3036 1153 Am.

961 1207 1014 1262 9.
1056 1197 1347 1264 gustasset
1374 1209 1410 1246 a
1439 1208 1491 1263 q.
2331 1215 2384 1270 9.
2427 1210 2640 1269 aquam
2643 1192 2714 1270 s
2725 1212 2761 1269 q
2789 1190 2922 1251 Am.

1202 1287 1452 1365 gustauit
1480 1286 1513 1346 b
1539 1288 1637 1365 ef
1649 1287 1784 1347 Am.
2273 1286 2288 1296 '
2612 1309 2704 1368 aq.
2749 1300 2812 1350 ,et
2857 1289 3118 1350 uidentes
3159 1290 3375 1351 factum
3422 1291 3591 1352 mira-

1142 1386 1448 1463 ignorabat
1474 1406 1527 1463 q.
2772 1391 2984 1450 bantur
3011 1411 3048 1449 a
3075 1391 3125 1450 b.

1205 1484 1499 1544 nesciebat
1528 1505 1565 1542 a
1595 1486 1645 1544 b.
2612 1508 2827 1568 aquam
2889 1507 3039 1568 quae
3101 1490 3304 1549 unium
3374 1490 3591 1550 factum

1204 1600 1326 1641 non
1354 1583 1574 1642 sciebat
1577 1585 1646 1661 f
1659 1583 1793 1643 Am.
2775 1597 2862 1648 est
2889 1607 2928 1647 e.

1201 1698 1324 1739 non
1351 1680 1723 1759 intellegebat
1751 1703 1793 1741 e.

928 1796 1014 1836 10.
1057 1778 1266 1838 deinde
1296 1796 1431 1838 cum
1459 1800 1510 1855 q.

1201 1886 1418 1936 etcum
1452 1897 1490 1935 a
1517 1878 1549 1936 b
1577 1878 1822 1954 efAm.

1141 1993 1327 2052 usque
1358 1994 1514 2034 nunc
1542 1996 1593 2052 q.

1204 2091 1390 2150 usque
1421 2074 1604 2133 modo
1631 2093 1669 2132 a
1689 2075 1737 2133 b.

1204 2189 1389 2250 usque
1419 2171 1684 2247 adhucf
1696 2171 1831 2231 Am.

1201 2288 1386 2346 usque
1414 2270 1472 2328 in
1502 2269 1652 2329 hanc
1682 2270 1886 2330 horam
1914 2294 1958 2331 e.

927 2385 1013 2425 12.
1060 2367 1359 2428 descendit
1386 2389 1423 2427 a
1445 2368 1478 2428 b
1503 2387 1532 2425 e
1558 2389 1593 2445 q
1623 2369 1757 2427 Am.

1202 2467 1342 2526 abiit
1342 2467 1415 2545 f.

1141 2565 1357 2625 multos
1386 2565 1511 2625 dies
1538 2585 1575 2623 a
1606 2566 1639 2625 b
1664 2585 1718 2643 q.

1202 2663 1397 2722 multis
1429 2664 1635 2724 diebus
1662 2684 1689 2723 e
1691 2667 1760 2743 f
1773 2665 1908 2725 Am.

926 2778 1014 2835 13.
1062 2780 1197 2821 cum
1226 2762 1285 2821 in
1313 2763 1584 2839 proximo
1610 2775 1762 2823 esset
1788 2784 1842 2840 q.

1202 2861 1263 2918 in
1304 2861 1577 2937 proximo
1619 2871 1742 2921 erat
1776 2863 1824 2935 b,
1853 2864 2185 2940 proximum

1365 2958 1471 3018 fuit
1496 2980 1538 3017 e.

1205 3074 1389 3133 prope
1407 3067 1529 3115 erat
1544 3077 1581 3115 a
1586 3059 1656 3135 f,
1677 3061 2027 3137 properabat
2044 3061 2095 3118 Α
2108 3079 2159 3118 m
2174 3105 2187 3118 .

930 3169 1019 3228 15.
1063 3151 1194 3213 fecit
1221 3173 1258 3211 a
1287 3155 1319 3212 b
1345 3175 1373 3211 e
1400 3174 1452 3231 q.

1203 3250 1424 3311 faciens
1426 3254 1497 3330 f.

1203 3368 1338 3410 cum
1367 3352 1597 3412 fecisset
1623 3354 1758 3413 Am.

1142 3450 1412 3510 resticula
1438 3470 1490 3527 q,
1521 3452 1799 3512 resticulis
1819 3473 1863 3511 e.

1204 3549 1450 3609 restibus
1476 3570 1514 3608 a
1543 3548 1589 3608 b.

1204 3646 1472 3707 funiculis
1476 3648 1545 3724 f
1558 3649 1695 3709 Am.

1125 3745 1444 3806 uendentes
1472 3765 1523 3824 q,
1550 3748 1868 3809 uindebant
1898 3771 1941 3808 e.

1204 3864 1306 3904 om.
1338 3865 1376 3904 a
1404 3846 1436 3905 b
1439 3847 1509 3920 s
1521 3847 1654 3906 Am.

1145 3943 1424 4021 pecunias
1450 3964 1488 4002 a
1515 3965 1569 4022 q.

1207 4059 1308 4101 aes
1309 4043 1379 4116 s
1393 4042 1528 4101 Am.

1207 4157 1485 4200 nummos
1512 4142 1562 4202 b.

1209 4256 1307 4296 om.
1336 4256 1381 4299 e.
