4414 4917
488 494 612 543 Pol.
635 492 727 543 54.

768 318 848 385 28

766 489 812 524 ⁸⁰
828 488 906 549 Et
931 505 1070 548 ecce
1105 485 1222 545 duo
1250 484 1410 544 caeci

767 585 1036 644 sedentes
1058 599 1226 641 secus

766 680 923 738 uiam
943 709 957 723 ·
1018 674 1320 735 audierunt

767 770 929 848 quod
956 770 1045 829 ihs
1064 768 1268 828 transit
1290 799 1305 812 ·

764 865 843 924 Et
868 863 1342 924 exclamauerunt

766 960 1024 1019 dicentes
1048 989 1063 1004 ·
1124 957 1206 1015 mi

765 1070 953 1112 serere
982 1050 1152 1110 nobis

764 1146 880 1205 dfie
900 1145 977 1203 fili
1007 1142 1184 1203 dauid
1207 1174 1221 1188 ·

764 1239 806 1274 ³¹
827 1240 1029 1299 Turba
1056 1246 1250 1297 autem
1280 1236 1338 1294 in

766 1335 1041 1410 crepabat
1067 1350 1171 1391 eos

766 1438 830 1485 ut
858 1435 1116 1485 tacerent
1134 1451 1147 1464 ·
1208 1433 1268 1482 at

767 1520 844 1579 illi
874 1519 1060 1595 magis
1090 1517 1280 1578 clama

766 1616 910 1673 bant
939 1613 1193 1683 dicentes
1217 1642 1231 1659 ·

769 1708 1042 1766 miserere
1070 1705 1242 1764 nobis

770 1801 885 1860 dfie
909 1799 987 1857 fili
1014 1798 1187 1858 dauid
1213 1830 1227 1845 ·

769 1892 815 1927 θ’
829 1893 907 1953 Et
936 1893 1127 1953 statim
1156 1892 1247 1951 ihs
1274 1909 1430 1952 uoca

767 1987 849 2045 uit
878 2004 980 2046 eos
1009 1997 1068 2044 et
1095 1985 1209 2044 ait·

769 2079 929 2153 Quid
956 2079 1128 2138 uultis
1156 2089 1220 2138 ut
1248 2077 1358 2137 faci

768 2192 867 2233 am
896 2173 1063 2232 uobis
1082 2204 1096 2218 ·
1140 2172 1183 2203 ⁸³
1200 2171 1400 2230 dicunt

740 2266 847 2325 ’illi
873 2265 990 2324 dfie
1067 2276 1130 2325 ut
1158 2265 1318 2341 aperi

767 2501 937 2551 antur
965 2491 1118 2550 oculi
1148 2508 1260 2550 nos

767 2587 837 2646 tri
861 2617 874 2632 ·
918 2585 962 2618 ³⁴
980 2586 1248 2645 misertus

767 2693 857 2739 est
885 2691 1080 2738 autem
1110 2679 1219 2738 illis
1249 2678 1338 2737 ihs
1361 2708 1377 2724 ·

769 2773 846 2831 Et
877 2774 1064 2850 tetigit
1090 2773 1293 2833 oculos

768 2885 972 2926 eorum
995 2898 1009 2913 ·
1070 2878 1128 2925 et
1155 2884 1272 2926 con

770 2960 962 3018 festim
990 2960 1266 3019 uiderunt

772 3053 927 3113 oculi
955 3070 1159 3112 eorum
1229 3064 1289 3112 et

771 3147 956 3207 secuti
984 3157 1120 3210 sunt
1146 3165 1283 3206 eum
1385 3146 1482 3197 fine

772 3238 1154 3304 †21.¹Etcum
1165 3233 1481 3320 adpropias

771 3345 900 3394 sent
922 3334 1213 3412 hierosoly

771 3430 883 3488 mis
907 3461 921 3476 ·
980 3439 1040 3489 et
1065 3429 1226 3489 uenit
1254 3430 1313 3488 in

770 3522 1101 3600 bethphage
1128 3525 1189 3581 in
1217 3541 1360 3583 mon

769 3627 824 3676 te
853 3617 1047 3676 oliueti
1065 3648 1079 3663 ·
1108 3649 1193 3660 —

771 3710 945 3769 Tunc
973 3711 1063 3770 ihs
1094 3710 1249 3770 misit
1277 3711 1358 3771 du

769 3821 838 3864 os
868 3803 1184 3880 discipulos
1214 3822 1283 3862 su

769 3915 838 3959 os
913 3898 1154 3957 'dicens
1175 3899 1261 3957 eis
1339 3899 1428 3958 Ite

768 3991 832 4050 in
861 3992 1159 4050 castellum
1189 3992 1339 4069 quod

770 4093 973 4144 contra
1001 4102 1111 4143 uos
1140 4095 1229 4144 est
1253 4116 1267 4131 ·

767 4176 845 4237 Et
874 4177 1178 4238 confestim
1207 4179 1340 4239 inue

769 4271 938 4331 nietis
972 4271 1199 4331 asinam

2040 313 2214 378 SEC
2223 301 2488 377 UNDIJ
2498 345 2512 362 ·

1524 484 1818 561 alligatam
1847 495 1903 544 et
1932 484 2034 561 pul

1522 579 1644 637 lum
1675 597 1809 638 cum
1844 596 1916 639 ea
1994 578 2081 639 sol

1520 673 1637 733 uite
1666 683 1724 733 et
1752 673 2020 733 adducite

1522 766 1664 824 mihi
1686 799 1701 812 ·
1743 767 1842 826 ⁸et
1870 767 1918 826 si
1945 768 2075 845 quis

1520 861 1685 921 uobi⁸
1712 861 1920 920 dixerit
1947 861 2020 921 ali

1522 955 1696 1034 quid·
1755 955 1907 1016 dicte
1935 956 2072 1032 quia

1521 1050 1633 1109 dns
1660 1068 1899 1126 operam
1932 1067 2005 1109 eo

1521 1162 1650 1202 rum
1679 1143 1968 1203 desiderat
1990 1174 2004 1190 ·

1526 1236 1855 1298 Confestim
1891 1247 2091 1298 autem

1520 1331 1770 1390 remittet
1799 1348 1901 1391 eos

1523 1427 1543 1457 ⁴
1564 1424 1701 1484 Hoc
1738 1436 1932 1485 autem
1961 1434 2147 1485 totum

1518 1520 1742 1578 sactum
1770 1530 1857 1579 est
1939 1528 2002 1577 ut

1486 1656 1489 1659 Δ
1525 1614 1857 1690 impleretur
1885 1613 2039 1690 quod

1526 1707 1744 1766 dictum
1773 1718 1861 1766 est
1931 1725 2040 1785 per

1527 1800 1814 1878 profetam
1845 1802 2017 1860 dicen

1526 1907 1644 1955 tem
1667 1927 1681 1941 ·
1726 1895 1748 1928 ⁸
1764 1895 1937 1955 dicite
1966 1895 2004 1953 fi

1524 1990 1633 2048 liae
1663 1990 1793 2049 sion
1813 2020 1827 2036 ·
1886 2008 2028 2049 ecce

1522 2103 1625 2143 rex
1655 2095 1787 2143 tuus
1813 2084 1970 2142 uenit
1998 2084 2040 2143 ti

1523 2177 1582 2235 bi
1602 2186 1949 2236 'mansuetus

1522 2270 1598 2331 Et
1627 2271 1838 2331 sedens
1865 2289 2038 2348 super

1523 2490 1749 2549 asinam
1777 2500 1835 2549 et
1868 2488 2009 2566 pulsi

1528 2584 1707 2643 filium
1737 2584 1976 2643 iumenti
1996 2615 2009 2630 ·

1525 2677 1788 2737 ‘Euntes
1821 2688 2014 2737 autem
2043 2675 2134 2737 dis

1526 2771 1699 2848 cipuli
1728 2771 1989 2830 fecerunt

1529 2866 1675 2925 sicut
1704 2866 1961 2943 precepit
1988 2865 2027 2924 il

1529 2960 1598 3018 lis
1626 2959 1714 3018 ihs
1738 2990 1753 3006 ·
1796 2961 1819 2993 ⁷
1835 2971 1893 3019 et
1920 2960 2115 3020 addux

1532 3064 1700 3113 erunt
1729 3054 1956 3113 asinam

1531 3158 1589 3207 et
1617 3147 1838 3224 pullum
1862 3179 1876 3195 ·
1941 3146 2015 3205 Et
2044 3147 2105 3206 in

1532 3251 1850 3317 posuerunt
1879 3258 1948 3300 su

1530 3353 1635 3411 per
1660 3353 1799 3395 eum
1827 3335 1975 3394 uesti

1526 3439 1725 3487 menta
1754 3445 1858 3487 sua
1939 3437 1997 3487 et
2024 3445 2087 3488 se

1528 3520 1610 3579 dit
1640 3539 1815 3597 super
1842 3539 1979 3580 eum
1998 3552 2013 3567 ·

1526 3615 1547 3648 ⁸
1567 3614 1820 3673 Plurima
1846 3625 2043 3674 autem

1527 3709 1695 3767 turba
1723 3718 1912 3768 straue

1524 3814 1658 3862 runt
1683 3803 1971 3862 uestimen

1527 3907 1586 3956 ta
1616 3915 1720 3957 sua
1749 3898 1810 3956 in
1837 3898 1934 3956 uia
1957 3929 1972 3945 ·
2032 3896 2148 3956 Alii

1526 4002 1723 4051 autem
1753 3992 2000 4051 cedebat

1525 4104 1721 4146 ramos
1751 4084 1824 4145 de
1851 4087 2044 4146 arbori

1524 4180 1633 4238 bus
1660 4189 1718 4239 et
1746 4189 2069 4239 strauerunt

1522 4272 1582 4330 in
1608 4273 1704 4331 uia
1727 4305 1740 4319 ·
1807 4272 1998 4331 ⁹turba
2029 4291 2102 4332 au

2330 494 2451 543 tem
2482 502 2597 561 que
2626 501 2799 561 prece

2328 579 2504 638 debat
2529 611 2541 626 ·
2586 590 2645 639 et
2674 596 2891 656 sequae

2329 674 2543 732 bantur
2571 672 2760 732 clama

2331 768 2473 826 bant
2501 766 2761 826 dicentes

2332 859 2579 919 Osanna
2604 859 2723 917 filio
2751 858 2926 918 dauid
2951 889 2965 905 ·

2331 953 2670 1013 benedictus
2692 953 2793 1030 qui

2330 1047 2491 1106 uenit
2520 1047 2581 1105 in
2611 1046 2851 1106 nomine

2334 1140 2433 1199 dfii
2458 1172 2472 1187 ·
2536 1159 2574 1200 o
2600 1171 2614 1187 ·
2679 1157 2868 1200 sanna
2895 1139 2955 1200 in

2335 1234 2622 1295 altissimis
2642 1265 2656 1282 ·

2334 1327 2379 1363 ¹⁰
2394 1327 2470 1386 Et
2498 1345 2635 1387 cum
2662 1328 2931 1387 intrasset

2334 1423 2726 1499 hierosolyma
2756 1432 2883 1481 co-

2334 1528 2493 1577 mota
2522 1527 2610 1575 est
2641 1516 2847 1575 uniuer

2335 1629 2400 1669 sa
2431 1611 2632 1670 ciuitas
2711 1610 2915 1669 dicens

2336 1706 2466 1783 quis
2495 1715 2584 1765 est
2611 1704 2706 1780 hic
2739 1735 2754 1751 ·
2797 1702 2839 1737 ¹¹
2865 1716 2955 1763 tur

2336 1801 2411 1858 ba
2439 1808 2631 1858 autem
2662 1798 2883 1857 dicebsst
2906 1829 2921 1845 ·

2338 1893 2456 1951 Hic
2485 1902 2574 1951 est
2602 1892 2690 1951 ihs
2719 1891 2881 1968 profe

2337 1996 2396 2046 ta
2425 2005 2460 2045 a
2491 1986 2762 2045 nazareth
2799 2005 2876 2062 ga

2337 2079 2502 2140 lileae
2523 2110 2537 2127 ·
2560 2110 2575 2126 ·
2620 2076 2663 2111 ¹²
2682 2089 2740 2139 et
2767 2079 2917 2138 intra

2338 2174 2420 2232 uit
2446 2172 2536 2231 ihs
2564 2172 2624 2230 in
2654 2171 2875 2248 templu

2338 2266 2398 2325 di
2421 2298 2435 2313 ·
2500 2276 2558 2324 et
2585 2266 2827 2327 eiciebat

2334 2492 2657 2552 uendentes
2685 2500 2741 2551 et
2769 2508 2943 2551 emen

2335 2595 2424 2646 tes
2451 2587 2511 2644 in
2539 2585 2761 2662 templo
2785 2617 2798 2631 ·
2860 2595 2918 2645 et

2336 2699 2576 2740 mensas
2605 2680 2845 2739 numula

2336 2775 2554 2835 riorum
2583 2774 2783 2832 euertit
2807 2804 2820 2819 ·

2340 2879 2396 2929 et
2424 2868 2727 2928 cathedras
2756 2884 2870 2926 uen

2340 2962 2600 3021 dentium
2628 2961 2825 3020 colum

2340 3056 2446 3114 bas
2469 3081 2481 3095 ·
2530 3055 2571 3088 ¹⁸
2588 3054 2666 3113 Et
2693 3054 2834 3113 dixit
2861 3052 2971 3113 illis
2994 3084 3008 3100 ·

2341 3149 2619 3225 scripturn
2646 3159 2734 3207 est
2808 3148 2906 3207 Do

2341 3262 2474 3302 mus
2503 3262 2635 3301 mea
2668 3243 2881 3302 domus

2341 3337 2616 3397 orationis
2643 3336 2853 3395 uocabi

2340 3442 2432 3490 tur
2451 3463 2465 3477 ·
2528 3449 2636 3491 uos
2665 3442 2857 3489 autem

2342 3525 2555 3585 fecistis
2584 3526 2743 3584 illam
2773 3543 2877 3601 spe

2340 3619 2575 3679 luncam
2602 3619 2898 3678 latronu·‘·

2339 3714 2381 3747 ¹⁴
2399 3712 2474 3770 Et
2501 3722 2868 3772 accesserunt
2896 3712 2972 3772 ad

2337 3825 2474 3865 eum
2503 3807 2627 3866 ceci
2657 3817 2714 3865 et
2742 3805 2897 3865 clodi

2336 3901 2396 3958 in
2427 3899 2648 3977 templo
2675 3911 2733 3958 et
2761 3917 2904 3958 sana

2335 3994 2416 4052 uit
2449 4011 2553 4053 eos
2577 4025 2591 4040 ·
2634 3992 2679 4026 ¹⁶
2696 3992 2889 4052 Uiden

2337 4097 2421 4146 tes
2449 4100 2644 4148 autem
2674 4088 2856 4164 princi

2334 4199 2438 4259 pes
2468 4181 2840 4241 sacerdotum

2333 4283 2391 4334 et
2419 4276 2643 4335 scribae
2672 4275 2880 4333 mirabi

2758 4368 2832 4427 lia

3270 321 3411 386 [XX.
3433 324 3682 388 30-XX1.
3708 337 3787 374 ιι.

3086 500 3199 560 que
3228 480 3364 541 fecit
3430 490 3490 542 et
3518 500 3634 559 pue

3086 595 3186 637 ros
3208 576 3529 636 clamantes

3086 672 3148 730 in
3177 671 3397 747 templo
3423 679 3481 729 et
3509 669 3568 729 di

3087 772 3286 824 centes
3316 795 3330 810 ·
3389 782 3467 824 o·
3517 782 3624 824 san

3088 877 3166 917 na
3194 857 3312 916 filio
3340 857 3517 917 dauid
3540 884 3554 899 ·

3091 951 3387 1029 Indignati
3415 960 3553 1011 sunt

3086 1046 3132 1080 ¹⁶
3149 1057 3207 1105 et
3234 1046 3505 1105 dixerunt
3533 1045 3586 1104 ei
3611 1075 3627 1092 ·

3089 1140 3276 1201 Audis
3304 1140 3446 1218 quid
3475 1141 3567 1201 isti
3595 1138 3657 1201 di

3089 1243 3264 1294 cunt·
3328 1234 3432 1293 Ihs
3452 1251 3529 1293 au

3090 1339 3210 1388 tem
3241 1328 3386 1388 dixit
3412 1329 3496 1387 eis
3519 1359 3535 1374 ·
3593 1328 3677 1388 uti

3090 1440 3204 1499 que
3289 1440 3432 1481 num
3462 1439 3606 1481 num

3089 1534 3269 1592 quam
3296 1515 3515 1591 legistis

3090 1617 3235 1687 qum
3262 1627 3337 1669 ex
3366 1627 3469 1668 ore
3503 1608 3667 1669 infan

3089 1704 3233 1763 tium
3266 1714 3324 1763 et
3352 1701 3545 1762 lactan

3089 1799 3232 1857 tium
3262 1795 3507 1874 perfecis

3088 1892 3130 1950 ti
3156 1891 3389 1951 laudern
3413 1922 3428 1938 ·
3472 1889 3516 1924 ¹⁷
3531 1901 3590 1951 et

3088 1986 3300 2044 relictis
3328 1983 3439 2043 illis
3467 1984 3566 2044 abi

3088 2080 3130 2138 it
3159 2078 3315 2138 foras
3342 2088 3505 2138 extra
3538 2078 3593 2137 ci

3088 2174 3328 2233 uitatem
3356 2173 3416 2230 in
3443 2173 3521 2231 be

3089 2267 3348 2326 thaniam
3377 2275 3433 2326 et
3462 2283 3603 2325 man

3091 2361 3163 2420 sit
3191 2360 3270 2419 ibi
3293 2390 3307 2406 ·
3352 2355 3397 2391 ¹⁸
3415 2359 3601 2418 Mane

3089 2502 3284 2552 autem
3312 2509 3477 2551 reuer

3091 2598 3221 2646 tens
3248 2586 3309 2644 in
3339 2585 3622 2644 ciuitate-

3092 2680 3323 2739 esuriit·
3380 2679 3425 2712 ¹⁹
3443 2688 3503 2740 et
3531 2679 3589 2737 ui

3095 2775 3240 2833 dens
3270 2773 3363 2831 fici
3391 2774 3599 2832 arbore

3095 2885 3274 2927 unam
3305 2885 3474 2926 secus
3503 2866 3662 2924 uia--

3094 2961 3255 3020 uenit
3283 2961 3358 3019 ad
3387 2978 3524 3018 eam
3545 2990 3560 3006 ·
3625 2969 3685 3019 et

3094 3054 3232 3112 nihil
3259 3053 3482 3113 inuenit
3510 3054 3571 3112 in

3094 3167 3164 3207 ea
3194 3149 3302 3208 nisi
3333 3147 3469 3207 solia
3500 3156 3600 3206 tan

3093 3253 3218 3302 tum
3238 3273 3252 3288 ·
3318 3252 3374 3301 et
3402 3242 3480 3300 ait
3509 3240 3587 3299 illi

3092 3353 3415 3413 numquam
3446 3353 3520 3394 ex
3548 3346 3604 3394 te

3093 3430 3313 3489 fructus
3341 3439 3612 3488 nascatur

3090 3525 3147 3582 in
3180 3523 3598 3600 sempiternum
3616 3552 3632 3568 ·

3093 3618 3171 3677 Et
3198 3617 3449 3677 arefacta
3475 3628 3563 3678 est
3591 3634 3707 3678 con

3092 3714 3256 3772 tinuo
3285 3712 3539 3771 ficulnea
3557 3741 3572 3757 ·

3091 3805 3136 3839 ²⁰
3152 3806 3227 3865 Et
3256 3806 3521 3864 uidentes
3541 3804 3769 3881 discipu

3090 3900 3129 3958 li
3158 3901 3347 3959 mirati
3375 3910 3510 3959 sunt
3538 3900 3598 3959 di

3091 4005 3288 4053 centes
3312 4025 3326 4040 ·
3387 4009 3611 4070 quomo

3092 4089 3170 4147 do
3200 4088 3479 4147 continuo
3508 4104 3611 4145 aru

3089 4181 3131 4238 it
3153 4180 3402 4240 ficulnea
3421 4211 3436 4226 ·
3479 4177 3523 4214 ²¹
3543 4161 3666 4239 Res

3090 4274 3360 4351 pondens
3388 4283 3582 4348 autem

3087 4369 3177 4428 ihs
3205 4369 3284 4427 ait
3312 4366 3419 4428 illis
3443 4399 3456 4414 ·
3517 4370 3714 4427 Amen

3815 485 3942 536 1⁸01.
3967 485 4064 536 55.
