4414 4917
787 2302 902 2341 “10

839 2950 894 2998 15

837 3592 899 3627 20

841 4236 896 4283 25

1776 453 2478 514 UINDOBONENSIA
2533 445 2620 533 (s)
3464 473 3490 513 1
3505 472 3532 513 1

1373 696 1605 762 Primi
1643 698 2090 779 quaternionis
2115 699 2369 782 folium
2413 701 2713 782 quintum
2759 695 2994 785 (recto).

1880 911 2022 976 Fol.
2068 924 2143 992 51
2177 934 2219 976 a
2264 910 2497 998 (Wh..)

2748 1024 2898 1089 Act.
2934 1023 3115 1088 xxiv.
3153 1040 3443 1108 23-xxv.
3479 1039 3535 1086 2.

1355 1126 1442 1189 de
1487 1127 1611 1191 hac
1659 1128 1768 1191 uia
1815 1127 2037 1192 dicens
2085 1160 2098 1175 ·
2150 1127 2321 1192 Cum
2367 1128 2698 1193 descende

1361 1404 1481 1448 uos
1529 1418 1543 1432 ·
1592 1382 1644 1421 ²⁴
1699 1385 1791 1450 Et
1834 1387 2169 1469 praecepit
2219 1387 2580 1451 centurioni
2628 1397 2815 1453 custo

1358 1513 1501 1576 dire
1548 1513 1732 1576 illum
1780 1523 1845 1578 et
1892 1514 2135 1579 habere
2182 1536 2295 1596 req

2182 1642 2337 1706 bere
2386 1644 2470 1706 de
2516 1644 2649 1707 suis
2697 1644 2783 1707 mi

1359 1769 1634 1834 nistrare
1681 1768 1772 1833 illi
1820 1768 1870 1806 ²⁵
1893 1782 2043 1853 post
2088 1772 2344 1852 aliquot
2392 1772 2531 1836 dies
2577 1780 2730 1838 aute

1357 1917 1504 1961 cum
1551 1899 1811 1963 adesset
1860 1897 2017 1962 felix
2065 1921 2215 1963 cum
2264 1900 2535 1964 drusilla
2581 1923 2718 1965 uxo

1358 2046 1426 2089 re
1472 2047 1591 2090 sua
1638 2046 1806 2110 quae
1851 2037 1990 2091 erat
2040 2029 2273 2092 iudaea
2320 2030 2618 2094 accersiit

1356 2154 1623 2236 paulum
1676 2163 1742 2218 et
1788 2156 1995 2219 audiit
2042 2158 2128 2221 ab
2175 2178 2255 2220 eo
2302 2160 2385 2222 de
2433 2158 2562 2222 fide
2608 2179 2776 2240 quae
2878 2184 2883 2189 ’

1363 2294 1460 2346 est
1510 2284 1573 2345 in
1623 2294 1762 2367 xpo
1813 2283 1922 2347 ihu
1975 2318 1988 2332 ·
2035 2282 2084 2321 ²⁰
2104 2285 2486 2365 disputante
2532 2296 2754 2349 autem
2803 2286 2914 2349 illo

1748 2423 1816 2478 et
1861 2414 2272 2480 continentia
2318 2424 2385 2478 et
2434 2414 2546 2479 iud

1359 2540 1483 2605 icio
1531 2540 1754 2606 futuro
1802 2544 2193 2608 conterritus
2256 2543 2417 2607 felix
2464 2566 2565 2608 res

1357 2672 1590 2753 pondit
1636 2704 1651 2720 ·
1700 2693 1870 2735 nunc
1920 2674 2090 2736 uade
2133 2683 2436 2755 tempore
2485 2681 2639 2736 aute

1354 2797 1738 2883 (oportuno)
1784 2800 2135 2865 accersiam
2183 2810 2252 2863 te
2300 2835 2315 2849 ·
2360 2798 2409 2836 ²⁷
2430 2800 2624 2865 simul
2674 2812 2738 2864 et

1352 2947 1622 3008 sperans
1669 2949 1740 2991 se
1786 2930 2137 3011 pecuniam
2183 2938 2538 3012 accepturu

1662 3058 1842 3137 quod
1893 3065 1958 3119 et
2004 3058 2376 3141 frequenter
2422 3058 2536 3120 illu

1355 3184 1753 3248 accersiebat
1855 3196 1922 3248 et
2026 3186 2546 3269 conloquebatur

1355 3331 1502 3375 cum
1551 3334 1629 3376 eo
1679 3345 1692 3360 ·
1787 3312 1838 3349 ²⁸
1866 3313 2143 3377 Biennio
2186 3325 2411 3378 autem
2459 3336 2545 3377 ex

1356 3440 1537 3523 pleto
1583 3444 1836 3524 accepit
1884 3462 2328 3507 successorem
2378 3441 2537 3505 felix

1355 3570 1653 3651 porcium
1703 3571 1940 3634 festum
2033 3570 2261 3632 uolens
2307 3580 2527 3633 autem

1357 3698 1637 3780 gratiam
1685 3710 2019 3780 praestare
2068 3699 2318 3762 iudaeis
2369 3697 2526 3761 felix

1354 3826 1618 3907 reliquit
1665 3827 1934 3910 paulum
1984 3829 2271 3891 uinctum
2322 3826 2341 3862 ¹
2374 3827 2575 3891 festus

1355 3964 1578 4018 autem
1629 3977 1777 4020 cum
1827 3958 2113 4021 uenisset
2158 3958 2220 4020 in
2268 3957 2605 4040 prouincia

1356 4095 1504 4163 post
1553 4086 1722 4147 duos
1768 4084 1906 4148 dies
1953 4086 2249 4149 ascendit
2296 4085 2633 4165 hierosoly

1363 4233 1539 4277 mam
1589 4238 1627 4279 a
1675 4224 1993 4279 cac⁸²²raea
2040 4214 2149 4277 '·'et
2197 4215 2496 4277 adierunt
2544 4214 2729 4277 illum
