4414 4917
643 348 763 401 xn.
788 343 1008 412 22-48.]

342 510 474 558 1¹01.
490 510 609 560 128.
647 511 870 571 ducetis
888 542 903 558 ι
969 527 1164 587 neque

646 606 877 682 corpori
906 605 1046 683 quid
1077 621 1182 663 ues

648 700 870 758 tiamini
890 730 904 745 ·
948 698 992 732 ²³
1011 698 1236 756 Anima

645 792 777 870 plus
804 803 892 851 est
920 811 1098 869 quam
1126 810 1190 851 es

647 905 719 946 ca
741 918 756 932 ·
826 896 886 945 et
913 903 1129 963 corpus
1158 894 1324 963 qua·-

649 980 1060 1038 uestimentum
1090 1010 1105 1025 ·

648 1069 691 1105 '⁴
710 1071 1088 1131 Considerate
1118 1089 1221 1131 cor

652 1185 761 1226 uos
784 1198 798 1213 ·
873 1167 1011 1244 quia
1039 1185 1162 1225 non
1191 1184 1253 1225 se

654 1260 878 1319 minant
897 1291 911 1306 ·
977 1278 1167 1337 neque

654 1363 879 1412 metunt
918 1354 1134 1431 quibus

654 1465 777 1507 non
805 1457 893 1507 est
926 1448 1224 1507 cellarium
1246 1478 1261 1494 ·

655 1559 844 1618 neque
874 1540 1144 1600 horreum
1173 1572 1189 1586 ·

656 1646 713 1694 et
740 1635 810 1693 ds
838 1635 1028 1711 pascit
1048 1634 1181 1693 illos
1205 1665 1220 1680 ·

657 1738 877 1806 quanto
907 1729 1096 1804 magis
1124 1744 1235 1786 uos

656 1823 851 1899 plures
879 1822 1016 1881 estis
1042 1822 1138 1880 aui

658 1918 766 1976 bus
789 1947 804 1963 ·
845 1914 892 1949 ²⁸
911 1915 1062 1988 Quis
1079 1920 1213 1975 aute

656 2020 916 2068 uestrum
937 2009 1173 2086 cogitan

661 2104 738 2163 do
767 2112 963 2180 potest
988 2103 1218 2162 adicere

660 2198 734 2257 ad
763 2198 969 2257 swtum
998 2215 1171 2256 suum
1200 2216 1274 2256 cu

660 2291 848 2350 bitum
876 2309 1061 2349 unum
1084 2321 1099 2336 ·
1125 2323 1138 2337 ·
1190 2289 1233 2324 ¹⁸
1252 2290 1317 2350 Si

660 2402 801 2462 ergo
831 2402 941 2444 nec
969 2385 1131 2464 quod
1159 2395 1249 2445 est

659 2479 965 2537 minimum
1001 2488 1198 2556 potest

661 2609 731 2670 de
760 2611 963 2670 ceteris
993 2610 1135 2688 quid
1165 2611 1255 2670 sol

661 2702 796 2763 liciti
824 2704 964 2763 estis
984 2735 998 2750 ·
1042 2701 1088 2737 ²⁷
1105 2704 1291 2764 Consi

663 2796 858 2857 derate
887 2797 1004 2857 lilia
1030 2815 1256 2875 quomo

661 2890 739 2950 do
769 2902 1040 2950 crescunt
1059 2923 1074 2939 ·
1144 2910 1268 2951 non

660 2983 926 3044 laborant
953 3003 1146 3063 neque

662 3089 841 3139 neunt
860 3111 873 3126 ·
901 3112 915 3126 ·
942 3111 956 3126 ·
1001 3079 1156 3140 Dico
1183 3085 1317 3140 aute

661 3174 831 3232 uobis
860 3178 1003 3251 qfim
1033 3191 1142 3233 nec
1173 3174 1302 3234 solo

662 3284 803 3325 mon
832 3267 892 3324 in
921 3268 1086 3326 omni
1112 3268 1299 3343 gloria

661 3360 1012 3419 uestiebatur
1061 3361 1208 3421 sicut

662 3470 845 3512 unum
872 3471 945 3512 ex
975 3455 1097 3512 istis
1120 3485 1135 3501 ·

662 3547 704 3581 ²⁸
720 3548 844 3607 Aut
872 3548 1067 3607 uidete
1097 3548 1299 3608 fenum

660 3641 963 3718 quomodo
990 3641 1167 3701 hodie

663 3734 721 3791 in
750 3751 896 3811 agro
923 3744 1013 3793 est
1037 3746 1096 3794 et
1124 3753 1253 3795 cras

663 3827 722 3886 in
750 3828 1047 3888 clibanum
1075 3830 1224 3888 mitti

662 3931 751 3980 tur
777 3921 847 3982 ds
876 3923 958 3982 sic
990 3924 1161 3983 uestit

662 4027 883 4092 quanto
911 4018 1100 4094 magis
1125 4034 1235 4077 uos

661 4109 903 4186 pusillae
930 4110 1064 4169 fidei
1083 4142 1098 4158 ·

661 4200 791 4262 ”Et
812 4221 925 4263 uos
946 4205 1123 4264 nolite
1144 4223 1359 4282 quaere

662 4314 723 4355 re
752 4297 893 4376 quid
922 4298 1211 4358 manduce

662 4390 734 4449 tis
800 4401 899 4450 aut
926 4391 1067 4468 quid
1094 4393 1232 4452 biba

665 4483 738 4542 tis
760 4514 774 4529 ·
845 4485 1023 4543 nolite
1053 4485 1234 4545 sollici

668 4577 708 4634 ti
741 4595 870 4637 esse
931 4577 1130 4638 ⁸“haec
1162 4579 1320 4639 enim

1954 333 2310 395 LUCAN-

1391 519 1599 585 gentes
1625 508 1802 568 huius
1830 509 1991 569 modi

1393 613 1646 680 querunt
1668 635 1683 650 ·
1756 604 1866 662 scit
1894 622 1970 662 au

1392 705 1512 756 tem
1540 706 1703 773 pater
1721 707 1912 756 uester

1394 798 1538 868 qum
1565 791 1656 850 his
1691 791 1961 867 indigetis
1981 823 1994 837 ·
2019 823 2032 837 ·

1394 884 1436 917 ⁸¹
1455 883 1881 943 Uerumtamen
1910 902 2026 963 que

1396 980 1502 1038 rite
1532 997 1781 1055 regnum
1811 979 1871 1037 di

1396 1083 1455 1132 et
1482 1073 1626 1132 haec
1655 1073 1853 1133 omnia
1880 1072 1978 1131 adi
2072 1114 2079 1121 -

1398 1167 1623 1226 cientur
1648 1167 1820 1226 uobis
1844 1197 1859 1213 ·
1877 1200 1960 1211 —

1398 1259 1688 1324 †⁸²Nolite
1710 1261 1912 1319 timere
1931 1259 2082 1336 pusil

1399 1354 1489 1414 lus
1518 1373 1663 1432 grex
1733 1355 1875 1431 quia
1903 1372 2019 1421 con

1399 1448 1618 1526 placuit
1645 1449 1793 1526 patri
1813 1466 1917 1507 ues

1401 1551 1491 1602 tro
1519 1542 1657 1602 dare
1686 1543 1859 1601 uobis
1888 1561 1991 1618 reg

1401 1653 1545 1694 num
1566 1666 1579 1681 ·
1623 1635 1668 1668 ⁸⁸
1686 1634 1937 1694 Uendite

1402 1746 1554 1807 quae
1584 1728 1895 1807 possidetis
1927 1761 1940 1775 ·
1984 1738 2042 1787 et

1402 1823 1534 1883 date
1564 1822 2001 1900 aelemosynam
2025 1854 2039 1869 ·

1403 1916 1601 1976 Facite
1628 1917 1799 1976 uobis
1828 1935 2003 1976 saecu

1402 2010 1494 2069 los
1521 2011 1622 2088 qui
1656 2028 1780 2069 non
1807 2021 1942 2070 uete

1403 2114 1633 2163 rescant
1652 2135 1666 2150 ·
1733 2104 1943 2163 Thens

1406 2216 1612 2257 aurum
1641 2216 1765 2257 non
1792 2197 1962 2258 defici

1405 2302 1602 2351 entem
1631 2292 1692 2349 in
1721 2292 1896 2351 caelis

1405 2403 1525 2464 quo
1554 2385 1645 2444 fur
1674 2402 1796 2444 non
1826 2385 2012 2465 adpro

1404 2481 1528 2558 piat
1560 2499 1752 2559 neque
1783 2481 1938 2540 tinea

1408 2613 1742 2689 conrumpit
1761 2643 1776 2659 ·
1841 2612 1884 2645 ³⁴
1902 2632 2040 2672 nam

1409 2706 1510 2766 ubi
1537 2706 1887 2765 thensaurus

1408 2810 1602 2860 uester
1628 2810 1719 2860 est
1780 2801 1917 2860 ibiet

1409 2912 1514 2955 cor
1540 2904 1798 2954 uestrum
1827 2897 1934 2955 erit
1953 2927 1967 2942 ·
1994 2928 2007 2942 ·

1408 2988 1454 3022 ⁸⁸
1472 2987 1601 3047 Sint
1629 2998 1825 3048 autern
1854 2989 2039 3050 lumbi

1407 3082 1583 3141 uestri
1610 3082 1929 3159 praecincti

1409 3187 1468 3235 et
1489 3175 1753 3235 lucern⁸e
1784 3176 1965 3236 arden

1410 3278 1499 3329 tes
1522 3301 1536 3316 ·
1600 3270 1644 3302 ⁸⁶
1665 3280 1724 3329 et
1751 3288 1862 3329 uos
1892 3271 2023 3330 simi

1408 3362 1495 3423 les
1523 3362 1861 3423 hominibus
1883 3394 1897 3410 ·

1411 3467 1789 3534 expectantes
1818 3457 1961 3516 dnm

1411 3569 1585 3610 suum
1654 3550 1894 3628 quando
1921 3570 1985 3611 re

1409 3654 1662 3703 uertatur
1688 3645 1764 3703 ad
1793 3663 1915 3721 nup

1409 3738 1536 3796 tiis·
1607 3747 1671 3796 ut
1700 3756 1836 3797 cum
1863 3757 2014 3798 uene
2064 3782 2084 3799 .

1409 3832 1481 3890 rit
1508 3841 1567 3889 et
1594 3831 1907 3907 pulsauerit

1409 3924 1718 3984 confestim
1748 3926 1907 4002 aperi

1410 4029 1513 4078 ant
1540 4019 1595 4077 ci
1620 4050 1634 4065 ·
1677 4019 1723 4052 ⁸¹¹
1740 4018 1906 4078 Beati
1938 4038 2029 4080 ser

1410 4112 1470 4170 ui
1499 4112 1614 4170 illi·
1684 4129 1835 4189 quos
1863 4132 2000 4172 cum

1410 4207 1637 4265 uenerit
1665 4207 1776 4266 dns
1805 4207 1866 4264 in

1410 4300 1607 4358 ueniet
1634 4299 1941 4376 uigilantes
1966 4330 1981 4346 ·

1412 4394 1606 4453 Amen
1635 4393 1770 4452 dico
1799 4393 1972 4452 uobis
1991 4425 2005 4440 ·

1410 4487 1573 4566 quod
1600 4487 1901 4564 precinget

1415 4599 1478 4640 se
1504 4612 1517 4626 ·
1590 4590 1648 4640 et
1675 4579 1897 4638 iubebit
1936 4580 2063 4639 illos

2198 508 2565 568 discumbere
2599 517 2658 567 et

2196 603 2434 662 transiet
2461 611 2519 661 et
2548 603 2722 661 minis

2198 697 2372 755 trabit
2398 696 2509 755 illis
2540 728 2554 742 ·
2600 696 2722 754 ⁸⁸Et
2751 697 2798 755 si

2199 791 2426 848 uenerit
2448 807 2630 865 secun

2201 884 2280 942 da
2308 884 2509 960 uigilia
2568 894 2626 943 et
2655 884 2705 942 si

2200 977 2368 1035 tertia
2395 977 2592 1053 uigilia
2618 995 2694 1036 ue

2202 1071 2351 1130 nerit
2379 1081 2438 1130 et
2465 1072 2545 1130 ita
2572 1072 2709 1131 inue

2202 1165 2351 1223 nerit
2408 1165 2561 1224 beati
2590 1175 2724 1225 sunt

2204 1259 2356 1316 serui
2386 1258 2465 1316 illi
2534 1265 2677 1338 qfim

2204 1352 2424 1410 iubebit
2451 1352 2583 1411 illos
2612 1353 2702 1412 dis

2204 1448 2481 1505 cumbere
2548 1456 2606 1506 et
2632 1457 2755 1506 tr⁸n

2204 1541 2313 1599 siet
2340 1549 2398 1598 et
2424 1540 2688 1600 ministra

2206 1635 2293 1693 bit
2326 1634 2436 1693 illis
2457 1667 2470 1681 ·
2494 1666 2507 1680 ·
2535 1666 2549 1681 ·
2579 1633 2785 1694 ”illud

2204 1737 2402 1787 autem
2424 1728 2628 1788 scitote
2647 1759 2662 1774 ·

2206 1822 2345 1897 quia
2373 1821 2419 1879 si
2449 1822 2621 1881 sciret
2648 1840 2728 1899 pa

2206 1914 2543 1974 tersamilias

2206 2025 2326 2085 qua
2354 2007 2501 2067 hora
2527 2007 2619 2066 fur
2645 2026 2722 2067 ue

2209 2102 2294 2160 nit
2322 2102 2584 2177 uigilaret
2611 2102 2694 2159 uti

2210 2214 2326 2274 que
2354 2206 2412 2256 et
2439 2214 2562 2255 non
2592 2196 2720 2255 sine

2210 2300 2296 2349 ret
2323 2288 2546 2366 perfodi
2570 2289 2649 2348 do

2211 2628 2375 2669 mum
2402 2628 2569 2670 suam
2594 2643 2608 2658 ·
2652 2609 2785 2670 “Et
2799 2629 2911 2671 uos

2210 2713 2396 2764 estote
2424 2705 2610 2781 parati

2211 2816 2329 2874 qua
2356 2797 2502 2857 hora
2529 2815 2653 2857 non
2679 2816 2761 2875 pu

2213 2891 2345 2951 tatis
2406 2891 2557 2950 filius
2585 2892 2749 2950 homi

2212 2986 2303 3044 nis
2331 2994 2612 3045 uenturus
2644 2995 2735 3045 est

2212 3079 2255 3113 ⁴¹
2275 3078 2437 3137 Dixit
2464 3089 2662 3138 autem
2689 3079 2767 3138 illi
2795 3098 2871 3157 pe

2213 3182 2332 3230 trus
2360 3171 2477 3232 dfie
2505 3173 2581 3232 ad
2610 3191 2723 3232 nos

2214 3265 2362 3325 dicis
2379 3265 2531 3326 hanc
2560 3267 2732 3326 simili

2216 3360 2480 3419 tudinem
2550 3379 2627 3420 an
2655 3360 2732 3420 ad

2215 3471 2422 3513 omnes
2442 3486 2456 3501 ·
2498 3452 2543 3486 ⁴²
2561 3455 2723 3512 Dixit

2215 3557 2409 3607 autem
2440 3548 2549 3607 dfis
2572 3579 2587 3594 ·
2658 3543 2790 3627 quis

2215 3652 2304 3701 est
2325 3642 2511 3701 fidelis
2540 3642 2750 3717 dispen

2215 3746 2373 3794 sator
2402 3745 2460 3794 et
2489 3735 2749 3811 prudens
2772 3766 2787 3781 ·

2213 3847 2391 3907 quem
2418 3828 2713 3888 constituit

2212 3922 2324 3981 dfis
2354 3940 2526 3997 super
2554 3921 2696 3979 fami

2212 4016 2350 4075 liam
2379 4033 2544 4074 suam
2571 4026 2635 4074 ut
2657 4016 2754 4075 det

2215 4110 2326 4169 illis
2352 4110 2413 4167 in
2441 4120 2703 4186 tempore

2214 4204 2381 4264 tritici
2410 4210 2684 4263 mensura
2759 4237 2790 4256 x

2215 4299 2259 4333 ⁴³
2277 4300 2483 4359 beatus
2512 4316 2718 4357 seruus
2747 4298 2786 4357 il

2215 4393 2270 4453 le
2297 4410 2475 4471 quem
2502 4393 2705 4454 uenies
2733 4392 2844 4453 diis

3573 346 3658 416 93

2953 508 3079 568 eius
3107 506 3368 567 inueniet

2953 601 3034 660 ita
3060 601 3375 662 facientem
3399 633 3414 648 ·

2952 694 3164 754 “Uere
3184 695 3319 755 dico
3336 696 3504 756 uobis
3523 695 3663 774 quia

2955 806 3131 865 super
3160 791 3361 848 omnia
3389 792 3469 849 bo

2954 900 3033 940 na
3063 900 3169 942 sua
3196 884 3510 943 constituet

2956 976 3118 1034 illum
3139 1007 3153 1022 ·
3177 1007 3192 1022 ·
3217 1007 3232 1023 ·
3275 976 3322 1010 ⁴⁸
3342 978 3504 1055 quod
3533 978 3584 1036 si

2956 1069 3164 1128 dixerit
3192 1088 3396 1129 seruus

2957 1163 3050 1222 ille
3080 1164 3141 1221 in
3169 1164 3350 1223 corde
3387 1182 3496 1224 suo

2957 1256 3162 1316 dicens
3186 1288 3201 1304 ·
3273 1276 3499 1317 moram

2957 1350 3095 1410 facit
3117 1351 3227 1410 dfis
3249 1370 3418 1411 meus

2958 1446 3163 1504 uenire
3187 1476 3202 1491 ·
3266 1446 3345 1504 Et
3374 1463 3561 1523 coepe

2957 1538 3031 1597 rit
3060 1548 3361 1615 percutere

2958 1650 3175 1710 pueros
3202 1643 3261 1691 et
3288 1634 3443 1693 ancil

2959 1724 3046 1783 las
3069 1756 3084 1772 ·
3155 1734 3213 1784 et
3239 1726 3413 1785 edere
3440 1735 3500 1786 et

2961 1819 3158 1878 bibere
3187 1828 3245 1877 et
3272 1819 3457 1878 inebri

2962 1912 3045 1971 ari
3065 1943 3078 1958 ·
3123 1912 3168 1945 ⁴⁶
3184 1914 3378 1972 ueniet
3407 1913 3518 1974 dfis

2963 2006 3114 2065 serui
3143 2005 3293 2064 illius
3355 2007 3416 2064 in
3446 2007 3541 2066 die
3563 2014 3579 2028 ·

2962 2117 3081 2178 qua
3108 2117 3229 2158 non
3258 2109 3451 2176 sperat
3468 2131 3483 2147 ·

2962 2204 3019 2252 et
3046 2192 3192 2252 hora
3220 2211 3339 2270 qua
3367 2195 3556 2255 nescit

2961 2287 3017 2345 ei
3037 2286 3256 2347 diuidet
3282 2305 3420 2348 eum

2960 2617 3300 2686 partemque
3326 2608 3453 2667 eius

2962 2720 3100 2762 cum
3127 2701 3458 2761 infidelibus

2962 2796 3133 2873 ponit
3162 2827 3175 2841 ·
3203 2826 3217 2841 ·
3243 2826 3258 2842 ·
3302 2795 3347 2829 ⁴⁷
3363 2795 3458 2855 ille
3486 2801 3621 2856 aute

2963 2907 3164 2949 seruus
3192 2889 3292 2967 qui
3321 2906 3441 2966 cog

2963 2985 3130 3044 nouit
3157 2984 3259 3042 diii
3287 2983 3377 3042 sui
3405 3000 3487 3044 uo

2962 3078 3246 3137 luntatem
3272 3087 3330 3136 et
3357 3096 3483 3137 non

2965 3173 3222 3249 paruerit
3249 3172 3324 3230 ad
3350 3188 3433 3231 uo

2965 3265 3247 3324 luntatem
3274 3264 3425 3323 illius
3443 3296 3458 3312 ·

2965 3359 3267 3435 uapulauit
3293 3357 3481 3417 multu

2965 3451 3010 3486 ⁴⁸
3029 3452 3150 3525 Qui
3166 3462 3365 3511 autem
3385 3469 3508 3511 non
3525 3469 3643 3529 cog

2966 3546 3194 3605 nouerit
3221 3555 3279 3603 et
3307 3544 3428 3603 fece

2964 3639 3037 3697 rit
3064 3638 3242 3715 digna
3267 3636 3458 3715 phsis

2965 3733 3265 3809 uapulabit
3291 3731 3494 3808 paucis

2964 3827 3167 3886 omnia
3186 3835 3381 3884 autem
3408 3826 3505 3884 cui

2964 3920 3212 3978 multum
3238 3920 3442 3978 datum

2966 4014 3134 4073 suerit
3202 4014 3388 4072 multu

2964 4116 3271 4186 quaeretur
3299 4106 3374 4166 ab
3401 4105 3501 4165 illo

2966 4212 3025 4261 et
3046 4203 3141 4261 cui
3169 4200 3536 4261 comendaue

2965 4296 3080 4354 rint
3133 4294 3380 4354 multum
3403 4325 3419 4341 ·

2965 4390 3098 4467 plus
3126 4400 3324 4467 petent
3352 4395 3428 4454 ab
3455 4410 3530 4453 eo
3550 4422 3563 4437 ·
3583 4417 3667 4432 -

3682 506 3805 557 ποι
3828 505 3952 580 124,
