4414 4917
780 322 862 371 12

512 494 641 542 ποι.
664 496 755 544 22.
802 483 863 542 in
892 483 1206 560 synagogis
1234 489 1374 544 eoru
1395 510 1408 524 ·

801 590 859 638 et
885 579 1194 656 predicans
1223 597 1376 638 euan

801 673 1017 750 gelimn
1047 673 1247 749 regni·
1310 672 1387 731 Et

803 785 1015 828 curans
1044 785 1284 827 omnem

802 863 1151 940 languorem
1179 871 1236 921 et

803 974 1044 1018 omnem
1071 955 1284 1013 infirmi

802 1061 985 1111 tatem
1003 1077 1016 1091 ·
1077 1048 1356 1108 ³⁶Uidens

804 1155 998 1205 autem
1027 1146 1225 1203 turbas

802 1241 1071 1300 misertus
1099 1249 1187 1297 est
1219 1236 1317 1296 illo

802 1353 934 1394 rum
962 1333 1121 1411 quod
1151 1340 1365 1391 essent*

801 1429 1027 1489 uexati·
1067 1438 1124 1486 et
1152 1427 1318 1485 iacen

804 1535 893 1584 tes
929 1524 1074 1582 sicut
1102 1539 1245 1580 oues

802 1636 925 1678 non
952 1617 1235 1675 babentes

805 1722 1101 1789 pastorem
1126 1742 1138 1755 ·
1163 1742 1176 1756 ·

803 1805 1032 1863 ”Tunc
1057 1803 1195 1862 dicit
1222 1801 1365 1861 disci

798 1898 951 1976 pulis
980 1898 1097 1955 suis
1166 1914 1294 1954 mes

804 1993 883 2051 sis
913 1992 1149 2070 quidem
1178 1988 1299 2046 mul

796 2097 859 2145 ta
932 2084 1178 2161 operarii
1204 2102 1280 2141 au

799 2192 916 2240 tem
946 2180 1117 2258 pauci
1138 2206 1150 2219 ·
1216 2178 1416 2254 ”roga

800 2284 858 2335 te
892 2275 1034 2333 dfim
1062 2273 1238 2332 mesis

799 2512 864 2562 ut
891 2503 1078 2562 mittat
1105 2519 1286 2579 opera

798 2598 917 2657 rios
943 2597 1004 2654 in
1032 2614 1284 2656 messem
1314 2598 1419 2653 sua
1443 2616 1458 2632 ·

798 2690 1364 2751 10.²Etconuocatis
1382 2687 1500 2747 duo

799 2786 995 2845 decim
1023 2784 1317 2859 discipulis

801 2880 919 2939 suis
938 2905 953 2919 ·
1017 2878 1174 2936 dedit
1202 2876 1310 2934 illis

794 2981 1145 3050 potestatem
1174 2970 1263 3046 spi

799 3067 1015 3126 rituum
1043 3066 1249 3123 inmun

796 3161 1009 3220 dorum
1041 3169 1105 3217 ut
1133 3158 1257 3217 eice

794 3264 924 3314 rent
951 3272 1052 3314 eos
1072 3284 1085 3298 ·
1149 3262 1205 3311 et
1234 3269 1309 3311 cu

793 3360 987 3409 rarent
1013 3365 1253 3408 omnem

792 3444 1127 3522 languorem
1155 3450 1213 3500 et
1239 3457 1338 3501 om

795 3559 935 3599 nem
964 3538 1339 3597 infirmitate*
1359 3561 1371 3573 ·
1391 3560 1403 3574 ·
1426 3560 1440 3575 ·

792 3633 1155 3695 'Duodecim
1184 3640 1381 3690 autem

791 3728 1193 3804 apostolorum
1222 3744 1301 3784 no

793 3823 955 3880 mina
984 3830 1118 3879 sunt
1148 3819 1293 3877 haec
1318 3850 1331 3864 ·
1354 3850 1368 3865 ·

790 3916 1018 3975 Primus
1045 3916 1237 3974 simon
1266 3913 1366 3990 qui

791 4011 1000 4070 dicitur
1028 4018 1254 4085 petrus·

790 4104 868 4163 Et
897 4104 1144 4162 andreas
1167 4102 1339 4160 frater

791 4199 944 4257 eius·
1007 4195 1290 4253 ³1acobus
1319 4213 1384 4252 ze

770 4291 957 4350 bedei
984 4300 1040 4349 et
1068 4288 1351 4347 iohannes

2156 314 2396 377 SECD
2419 344 2435 362 ·

1559 482 1730 542 frater
1757 483 1879 543 eius
1903 509 1916 523 ·
1977 485 2096 562 filip

1558 596 1670 656 pus
1703 589 1760 638 et
1788 578 2057 640 bartholo

1557 690 1756 732 meus·
1819 684 1877 732 et
1905 675 2125 734 matthe

1559 785 1629 826 us
1655 768 1999 845 puplicanus
2025 801 2038 814 ·

1558 862 1801 921 iacobus
1830 862 1995 921 alfei·
2061 872 2118 923 et

1559 956 1725 1015 iudas
1750 957 1964 1016 zelotes
1992 969 2051 1017 et

1559 1049 1825 1110 thomas·
1869 1053 1958 1110 ‘et
1987 1052 2179 1111 simon

1561 1163 1889 1204 cananeus·
1935 1157 1991 1205 et
2018 1146 2076 1204 iu

1562 1239 1668 1298 das
1698 1240 1944 1300 scariota
1970 1242 2067 1315 qui

1557 1334 1787 1393 tradidit
1814 1353 1949 1393 eum
1974 1371 1987 1385 ·

1558 1426 1725 1487 “Hos
1755 1428 2062 1488 duodecim
2091 1429 2169 1485 mi

1558 1522 1629 1580 sit
1656 1521 1745 1580 ihs
1765 1548 1777 1560 ·
1822 1524 2018 1600 praeci

1557 1617 1725 1692 piens
1755 1617 1836 1674 eis
1863 1627 1920 1675 et
1948 1617 2149 1676 dicens
2175 1643 2187 1657 ·

1557 1710 1615 1768 in
1643 1711 1800 1768 uiam
1828 1711 2088 1786 gentium

1558 1824 1634 1863 ne
1661 1805 1907 1863 abieritis
1964 1815 2021 1863 et

1556 1899 1617 1956 in
1646 1900 1875 1957 ciuitate
1907 1916 2071 1958 sama

1558 1993 1875 2052 ritanorum
1905 2011 1979 2051 ne

1551 2086 1891 2146 intraueritis
1911 2121 1926 2135 ·

1558 2181 1705 2241 ‘Sed
1732 2181 1922 2257 potius
1951 2181 2027 2239 ite
2055 2180 2130 2239 ad
2159 2201 2197 2241 o

1552 2293 1657 2334 ues
1684 2275 1938 2352 perditas
1966 2274 2044 2333 do

1555 2519 1687 2559 mus
1714 2500 1787 2559 isl
1862 2500 2096 2561 'euntes
2126 2520 2200 2561 au

1553 2607 1672 2655 tem
1701 2595 1995 2672 predicate
2020 2622 2033 2635 ·

1551 2689 1811 2748 dicentes
1841 2690 1977 2765 quia
2005 2689 2080 2748 ad

1549 2783 1962 2861 propinquauit

1550 2895 1795 2953 regnum
1824 2878 2095 2937 caeloru‘
2114 2904 2127 2918 ·

1551 2971 1858 3030 ⁸Infirmos
1886 2983 2082 3031 curate

1552 3077 1813 3125 mortuos
1842 3068 2055 3126 suscita

1553 3170 1642 3218 te·
1686 3160 1946 3236 leprosos
1975 3178 2116 3218 mun

1552 3253 1685 3312 date
1704 3279 1717 3292 ·
1763 3253 2038 3313 demonia

1548 3348 1747 3407 eicite·
1791 3349 1967 3422 gratis

1550 3443 1885 3519 accepistis·
1932 3443 2106 3518 gratis

1549 3536 1718 3595 date·
1781 3535 2014 3596 ⁹Nolite

1548 3630 1846 3706 possidere
1876 3643 2097 3689 auru*-

1550 3743 1741 3802 neque
1771 3736 2109 3801 argentum·

1549 3836 1741 3895 neque
1770 3822 2082 3896 pecuniam

1547 3913 1608 3970 in
1638 3915 1801 3973 zonis
1829 3916 2034 3973 uestris

1544 4006 1589 4040 ¹⁰
1601 4007 1739 4067 Non
1768 4027 1967 4084 peram
1998 4011 2058 4068 in
2088 4011 2183 4070 uia
2203 4037 2215 4050 ·

1547 4120 1737 4178 neque
1768 4103 1914 4161 duas
1944 4105 2066 4161 tuni

1546 4213 1646 4253 cas
1666 4220 1679 4233 ·
1724 4214 1915 4272 neque
1945 4198 2092 4256 calci

1545 4300 1808 4348 amenta·
1854 4309 2044 4367 neque

2363 487 2593 563 uirgam
2621 483 2681 544 in
2709 485 2980 546 manibus
2998 509 3012 525 ·

2366 580 2577 657 dignus
2604 589 2693 639 est
2720 581 2879 638 enim

2366 674 2664 750 operarius
2691 691 2817 731 mer

2365 767 2509 826 cede
2538 785 2644 826 sua
2664 793 2677 806 ·
2739 766 2853 825 ¹1in
2882 786 3000 844 qua

2363 879 2615 937 cumque
2643 860 2838 919 ciuitte

2364 966 2463 1014 aut
2491 954 2726 1014 castello
2753 955 2813 1012 in

2361 1049 2640 1107 traueritis
2659 1073 2672 1087 ·
2716 1049 2777 1106 in

2362 1152 2646 1218 terrogate
2675 1143 2803 1220 quis

2362 1236 2421 1293 in
2449 1255 2520 1295 ea
2548 1237 2760 1312 dignus
2787 1245 2906 1294 est·

2362 1340 2421 1388 et
2447 1330 2525 1387 ibi
2553 1339 2784 1389 manete
2812 1329 2890 1388 do

2364 1442 2472 1483 nec
2501 1426 2754 1483 exeatis·
2817 1423 2930 1481 12in

2362 1525 2577 1576 trantes
2604 1528 2798 1576 autem

2361 1612 2421 1669 in
2451 1611 2693 1670 domum
2755 1612 2880 1671 salu

2363 1715 2576 1763 tateam
2607 1705 2869 1765 dicentes
2889 1733 2902 1746 ·

2361 1817 2476 1875 pax
2507 1798 2640 1857 huic
2672 1800 2872 1860 domui
2899 1825 2913 1840 ·

2360 1892 2402 1924 ¹⁸
2420 1904 2475 1951 et
2506 1893 2550 1950 si
2578 1892 2743 1951 fuerit
2773 1894 2981 1954 domus

2358 1986 2453 2044 illa
2481 1987 2688 2062 digna·
2733 1989 2868 2046 ueni

2360 2092 2417 2140 et
2445 2100 2562 2157 pax
2593 2091 2784 2140 uestra
2813 2101 2882 2142 su

2361 2194 2465 2252 per
2493 2193 2658 2233 eam·
2705 2177 2751 2234 si
2781 2183 2912 2236 aute

2360 2289 2481 2329 non
2512 2268 2674 2328 fuerit
2705 2270 2882 2345 digna

2358 2382 2473 2441 pax
2505 2374 2697 2422 uestra
2725 2365 2798 2424 ad
2828 2383 2936 2424 uos

2358 2507 2671 2555 reuertetur
2694 2534 2707 2547 ·
2768 2496 2897 2557 “Et

2358 2593 2711 2668 quicumque
2741 2611 2861 2651 non

2359 2685 2623 2760 reciperit
2650 2703 2759 2743 uos
2789 2704 2896 2744 nec

2359 2779 2599 2837 audierit
2627 2797 2820 2839 sermo

2358 2890 2463 2930 nes
2491 2883 2715 2931 uestros
2738 2899 2750 2912 ·
2796 2891 2869 2932 ex

2357 2979 2561 3026 euntes
2589 2966 2746 3025 foras
2775 2969 2848 3027 de

2358 3062 2538 3121 domo
2562 3092 2576 3107 ·
2633 3062 2727 3120 uel
2754 3063 2923 3122 ciuita

2357 3165 2413 3214 te
2433 3182 2446 3196 ·
2490 3156 2739 3214 excutite
2769 3157 2870 3232 pul

2355 3268 2555 3309 nerem
2590 3249 2660 3308 de
2690 3251 2934 3326 pedibus

2356 3344 2561 3403 uestris
2581 3375 2595 3390 ·
2674 3342 2921 3404 ¹⁶Amen

2356 3438 2487 3496 dico
2517 3439 2685 3497 uobis
2710 3470 2724 3484 ·
2768 3440 2880 3500 tole

2356 3531 2589 3591 rabilius
2618 3537 2723 3594 erit
2752 3547 2835 3594 ter

2357 3644 2454 3684 rae
2484 3626 2864 3690 sodomorum

2357 3729 2413 3778 et
2441 3737 2882 3796 gomorreorum

2356 3813 2415 3870 in
2445 3814 2537 3872 die
2566 3815 2759 3876 iudicii
2796 3836 2975 3894 quam

2358 3907 2569 3966 ciuitati
2599 3909 2676 3967 illi
2697 3937 2709 3949 ·
2736 3937 2817 3965 ω

2438 4028 2897 4058 mmm

2317 4094 2564 4155 *¹⁶Ecce
2594 4115 2706 4174 ego
2733 4099 2905 4159 mitto

2316 4192 2458 4249 *uos
2487 4191 2633 4250 sicut
2660 4212 2698 4252 o

2315 4285 2453 4342 *ues
2481 4285 2540 4342 in
2569 4287 2762 4346 medio

2313 4375 2648 4454 *luporum·
2673 4414 2684 4427 ·
2749 4382 2892 4442 Esto

3396 328 3512 392 [IX.
3540 335 3714 396 35—X.
3740 347 3825 398 ²3·

3102 499 3158 547 te
3188 508 3332 566 ergo
3360 492 3677 568 prudentes

3122 582 3270 642 sicut
3297 597 3596 662 serpentes
3616 612 3630 626 ·

3121 685 3179 734 et
3207 679 3498 755 simplices
3527 677 3673 739 sicut

3069 802 3072 803 ν
3122 771 3430 830 columbae
3456 799 3469 812 ·
3530 772 3740 833 ¹⁷Aten

3121 863 3234 923 dite
3264 875 3459 923 autem
3487 869 3656 927 uobis

3120 959 3195 1016 ab
3225 958 3585 1018 hominibus·

3117 1051 3382 1111 Tradent
3408 1054 3563 1111 enim
3591 1072 3699 1114 uos

3117 1146 3177 1203 in
3206 1147 3501 1206 conciliis·
3547 1159 3603 1206 et
3631 1148 3692 1206 in

3117 1241 3430 1316 synagogis
3458 1242 3575 1299 suis

3114 1333 3484 1409 flagellabunt
3513 1353 3620 1395 uos

3115 1425 3157 1460 ¹⁸
3168 1428 3244 1487 Et
3273 1429 3429 1504 apud
3446 1447 3612 1505 reges
3630 1438 3687 1488 et
3710 1449 3818 1506 pre

3118 1522 3270 1580 sides
3293 1523 3512 1583 stabitis
3540 1536 3680 1600 prop

3119 1625 3203 1675 ter
3232 1634 3328 1674 me
3387 1617 3447 1674 in
3482 1619 3612 1675 testi

3118 1710 3383 1768 monium
3412 1709 3519 1769 illis
3576 1721 3634 1769 et

3117 1805 3422 1881 gentibus·
3452 1837 3465 1850 ·
3509 1805 3718 1864 1¹'Cum

3117 1907 3310 1956 autem
3340 1898 3566 1958 tradent

3114 2011 3257 2051 uos·
3301 1992 3476 2052 nolite
3504 1994 3637 2069 cogi

3117 2095 3237 2144 tare
3265 2087 3566 2163 quomodo

3118 2190 3216 2238 aut
3243 2180 3384 2257 quid
3411 2180 3469 2239 lo

3118 2274 3377 2350 quamini
3397 2301 3409 2313 ·
3456 2274 3684 2333 dabitur

3104 2367 3287 2426 -e'nim
3305 2369 3462 2427 enim
3505 2370 3674 2427 uobis

3116 2499 3178 2558 in
3207 2499 3300 2558 illa
3330 2499 3473 2560 hora
3500 2500 3638 2576 quid

3115 2592 3434 2670 loquamini
3457 2621 3470 2634 ·
3533 2593 3708 2656 ²⁰non

3114 2689 3270 2747 enim
3300 2707 3407 2746 uos
3434 2689 3570 2747 estis
3741 2693 3744 2694 ’

3114 2783 3213 2857 qui
3244 2781 3579 2858 loquimini·

3115 2876 3219 2935 sed
3249 2881 3349 2951 sps
3377 2878 3551 2952 patris
3578 2896 3683 2937 ues

3114 2970 3184 3028 tri
3257 2970 3354 3046 qui
3384 2970 3634 3046 loquitur

3113 3063 3175 3121 in
3202 3065 3398 3123 uobis·
3460 3063 3637 3125 ²¹Tra

3115 3157 3212 3218 det
3241 3169 3434 3217 autem
3463 3158 3634 3219 frater

3114 3252 3349 3311 fratrem
3378 3254 3436 3310 in
3467 3272 3599 3313 mor

3112 3356 3268 3404 tem·
3312 3357 3368 3405 et
3396 3357 3559 3425 pater

3114 3439 3296 3498 filium
3321 3477 3332 3490 ·
3378 3451 3436 3500 et
3464 3443 3621 3501 insur

3113 3545 3254 3610 gent
3284 3534 3382 3593 filii
3411 3536 3474 3593 in
3503 3555 3581 3613 pa

3114 3639 3338 3687 rentes.
3382 3640 3439 3688 et
3469 3649 3597 3690 mor

3115 3723 3155 3780 ti
3186 3742 3288 3783 eos
3318 3724 3587 3783 adficient
3609 3762 3621 3774 ·

3113 3814 3240 3876 ”Et
3270 3819 3421 3877 eritis
3450 3820 3588 3879 odio
3618 3838 3722 3879 om

3113 3914 3282 3971 nibus
3311 3925 3548 3990 propter

3112 4025 3332 4065 nomen
3362 4026 3591 4067 meum·

3112 4100 3229 4172 Qui
3258 4110 3451 4161 autem
3482 4122 3653 4179 perse

3108 4197 3392 4255 uerauerit
3418 4197 3477 4254 in
3514 4199 3551 4256 fi

3109 4307 3277 4348 nem·
3323 4291 3418 4350 hic
3449 4293 3644 4352 saluus

3107 4386 3246 4442 erit·
3313 4383 3520 4445 ²‘'’Cum
3551 4399 3747 4447 autem

3849 514 3978 563 1¹01.
4002 516 4091 565 23.
