4414 4917
1297 450 1540 514 RELA
1556 451 1788 515 TION
1817 451 1939 513 OF
1960 472 2007 534 q
2043 450 2154 514 To
2189 448 2508 512 OTHER
2549 451 2876 514 OLD-LA
2896 453 3067 515 TIN
3097 453 3408 517 TEXTS.

3602 452 3754 516 xlix

1054 619 1292 682 Selected
1304 624 1566 700 readings
1590 624 1712 682 and
1725 624 2054 701 renderings
2076 626 2136 684 in
2157 622 2345 684 which
2448 621 2692 684 Selected
2709 625 2976 701 readings
3002 626 3125 682 and
3133 627 3464 702 renden‘ngs
3485 627 3545 683 in
3565 622 3753 683 which

1291 721 1321 781 f
1340 740 1381 800 q
1406 722 1746 803 dffrfrom
1773 724 1906 784 each
1930 724 2102 784 other.

1053 818 1227 879 Mark
1253 820 1305 880 ii.

1097 936 1191 977 22.
1371 918 1631 997 alioquin
1727 919 2030 998 dirrumpit
2136 921 2342 979 uinum

1449 1037 1672 1080 nouum
1699 1029 1856 1080 utres
1882 1029 2107 1080 ueteres
2134 1040 2175 1079 e.

1366 1118 1622 1196 alioquin
1649 1128 1989 1198 rumpentur
2015 1128 2171 1179 utres
2189 1139 2243 1179 a.

1365 1235 1439 1277 ne
1500 1217 1792 1296 dirumpat
1852 1219 2057 1280 uinum
2119 1236 2343 1279 nouum

1444 1324 1601 1377 utres
1609 1319 1678 1397 f.

1091 1802 1182 1858 23.
1224 1802 1329 1862 per
1354 1794 1579 1863 segetes
1607 1785 1640 1846 b
1666 1806 1738 1863 q3
1767 1807 1890 1848 -em
1917 1808 1954 1846 a
1983 1810 2025 1848 e.

1362 1903 1468 1962 per
1495 1895 1621 1946 sata
1648 1888 1693 1944 d
1689 1887 1757 1964 f
1769 1889 1799 1946 ι’
1817 1888 1945 1946 Am.

1090 2000 1180 2055 24.
1220 2002 1320 2044 om.
1349 1985 1616 2062 discipuli
1643 1986 1723 2044 tui
1749 2006 1777 2044 e
1801 2005 1837 2063 q
1865 1984 1998 2045 Am.

1364 2085 1468 2143 ins.
1496 2082 1761 2163 discipuli
1789 2086 1872 2145 tui
1899 2104 1936 2145 a
1965 2085 1998 2144 b
2025 2086 2133 2164 df
2144 2088 2182 2145 i.

1090 2180 1178 2239 26.
1218 2180 1449 2242 intrauit
1477 2181 1510 2241 b
1537 2201 1588 2259 q.

1361 2281 1618 2341 introiuit
1633 2278 1804 2363 (-ibit,
1824 2278 1939 2364 -iit)
1960 2301 1998 2341 a
2015 2283 2059 2340 d
2065 2301 2093 2340 e
2089 2283 2157 2361 f
2167 2282 2339 2343 iAm.

2693 723 2722 781 f
2735 743 2776 801 q
2796 743 2897 783 are
2916 724 3122 801 agreed
3134 725 3367 801 against
3389 724 3541 784 other
3558 721 3627 780 E
3621 740 3752 782 uro·

2679 833 2828 899 pean
2857 828 3022 882 texts.

2491 938 2582 979 22.
2625 930 2685 980 et
2712 921 2916 981 uinum
2958 920 3285 982 effundetur
3326 931 3384 983 et
3416 930 3572 981 utres
3598 919 3753 997 peri·

2855 1021 3002 1079 bunt
3005 1019 3076 1096 s
3083 1039 3119 1097 q
3146 1020 3280 1080 Am.
3309 1016 3693 1100 (effunditur).

2731 1118 3002 1178 etuinum
3020 1130 3078 1178 et
3087 1128 3241 1179 utres
3250 1119 3524 1196 peribunt
3542 1116 3705 1177 abde
3713 1119 3752 1177 ι’.

2631 1216 2734 1277 sed
2831 1217 3037 1276 uinum
3126 1234 3352 1278 nouum
3443 1216 3506 1276 in
3589 1225 3752 1276 utres

2854 1333 3046 1377 nouos
3071 1315 3420 1376 mittendum
3447 1324 3536 1376 est
3561 1333 3597 1392 q
3617 1315 3753 1374 Am.

2853 1410 3025 1495 (mitti
3055 1411 3269 1492 debet).

2729 1511 2833 1573 sed
2900 1513 3103 1571 uinum
3165 1530 3390 1573 nouum
3462 1512 3525 1571 in
3592 1521 3753 1572 utres

2850 1629 3043 1671 nouos
3070 1610 3303 1671 mittunt
3322 1620 3379 1671 et
3407 1612 3587 1671 ambo
3609 1629 3752 1672 con-

2848 1720 3150 1771 seruantur
3173 1732 3202 1769 e
3230 1706 3583 1791 (serbantur)
3598 1710 3668 1787 j:

2729 1828 2828 1868 om.
2857 1829 2894 1867 a
2923 1810 2955 1868 b
2983 1810 3027 1867 d
3044 1811 3082 1866 i.

2492 2109 2582 2167 26.
2628 2108 2736 2168 sub
2757 2105 3017 2167 abiathar
3035 2104 3359 2184 principem
3380 2104 3750 2166 sacerdotum

2848 2224 2884 2282 q
2910 2204 3045 2264 Am.
3075 2202 3401 2284 (principe).

2770 2305 2880 2364 sub
2909 2302 3167 2364 abiathar
3193 2303 3560 2364 sacerdotem
3568 2302 3639 2379 s.

2769 2422 2875 2463 om.
2903 2422 2941 2463 a
2970 2401 3003 2462 b
3032 2402 3075 2461 d
3093 2421 3122 2462 e
3150 2403 3187 2461 i.

2631 2503 2822 2563 order:
2851 2512 2911 2562 et
2928 2502 3087 2561 dedit
3104 2502 3205 2573 εἰς,
3224 2506 3333 2574 etc„
3353 2500 3508 2579 qfler
3523 2516 3675 2576 quos
3699 2544 3711 2557 .
3734 2543 3747 2558 .

2851 2600 3248 2661 sacerdotibus
3252 2600 3320 2679 f
3330 2616 3366 2675 q
3392 2596 3524 2657 Am.

2768 2709 2826 2759 et
2874 2698 3054 2773 dedit,
3104 2705 3214 2772 etc„
3274 2697 3456 2777 before
3510 2712 3662 2774 quos
3692 2740 3703 2754 .
3738 2741 3749 2755 .

2851 2797 3249 2858 sacerdotibus
3277 2815 3315 2855 a
3344 2795 3377 2855 b
3404 2797 3448 2853 d
3467 2813 3495 2853 e
3522 2798 3558 2854 i.

2493 2915 2583 2972 27.
2627 2906 2684 2956 et
2733 2896 2965 2956 dicebat
3005 2896 3114 2955 illis
3163 2897 3471 2956 sabbatum
3514 2902 3754 2972 propter

2848 2990 3153 3054 hom‘inem
3209 2993 3428 3054 factum
3483 3002 3573 3053 est
3626 3007 3751 3052 non

2851 3092 3030 3152 homo
3052 3100 3294 3171 propter
3322 3092 3629 3152 sabbatum
3636 3089 3704 3166 f
3715 3109 3753 3166 q

2844 3191 2978 3249 Am.

2769 3289 2904 3349 dico
2914 3299 3108 3349 autern
3118 3288 3290 3349 uobis
3301 3288 3439 3367 quia
3449 3286 3752 3360 sab.‚etc.,b.

2769 3407 2870 3447 om.
2898 3389 2986 3448 the
3013 3406 3165 3447 verse
3190 3407 3228 3447 a
3256 3388 3299 3446 d
3318 3407 3346 3445 e
3374 3390 3410 3445 ι’.

2494 3488 2586 3543 28.
2629 3486 2821 3563 itaque
2864 3485 3142 3545 dominus
3181 3494 3269 3544 est
3308 3483 3457 3543 filius
3498 3481 3754 3542 hominis

2827 3584 2944 3661 sq
2971 3585 3105 3643 Am.

2770 3683 2906 3745 dico
2976 3693 3174 3742 autem
3232 3680 3402 3740 uobis
3471 3679 3753 3756 quoniam

2870 3781 3021 3841 filius
3058 3779 3312 3841 hominis
3351 3776 3624 3838 dominus
3666 3785 3756 3837 est

2850 3900 2887 3939 a
2915 3899 2959 3952 e,
2985 3876 3183 3959 (etiam
3204 3873 3340 3958 dns)
3363 3877 3399 3935 ι’.

2769 3978 2824 4037 d.
2883 3996 2933 4038 a.
2993 3995 3048 4036 u.
3111 3976 3387 4037 dominus
3451 3983 3539 4032 est
3602 3969 3754 4032 filius

2849 4076 3108 4138 hominis
3135 4077 3186 4135 d.

2766 4177 2905 4254 quia
2924 4175 3196 4237 dominus
3217 4181 3301 4235 est
3327 4170 3480 4234 filius
3497 4168 3754 4232 hominis
