4414 4917
621 333 712 385 111.
740 329 930 396 3-33.]

298 508 437 559 rol„
457 509 579 559 100.
618 512 789 574 surge
818 497 878 555 in
906 495 1103 555 medifi
1122 527 1137 543 ·

618 589 640 622 ⁴
657 600 714 649 et
745 590 890 650 dixit
919 590 997 648 ad
1024 589 1154 650 illos
1177 620 1192 636 ·
1250 620 1257 629 ·

615 683 749 744 licet
776 684 1035 744 sabbatis

613 777 957 838 benefacere
975 786 1076 837 aut

616 872 771 931 male
794 902 810 919 ·
869 871 1149 930 Animam

614 965 838 1025 saluare
866 975 967 1025 aut
993 984 1099 1043 per

616 1059 756 1120 dere
775 1091 790 1106 ·
850 1059 931 1118 At
959 1060 1037 1119 illi
1067 1060 1189 1121 tacu

615 1163 782 1214 erunt
805 1185 820 1201 ·
863 1155 959 1214 ‘et
986 1156 1141 1216 circii

614 1249 865 1326 spiciens
892 1266 997 1309 eos
1025 1256 1101 1309 eii

610 1341 1009 1420 indignatione
1031 1373 1046 1389 ·

610 1437 982 1497 contristatus
1010 1455 1080 1498 su

610 1548 715 1607 per
742 1532 1045 1592 cecitatem

609 1625 804 1685 cordis
831 1643 1035 1685 eorum
1055 1656 1070 1672 ·

609 1717 755 1778 dixit
782 1717 1007 1778 homini
1090 1719 1184 1781 Ex

607 1811 784 1872 tende
812 1830 1054 1872 manum
1083 1824 1144 1874 tu

608 1923 707 1965 am
763 1914 821 1966 et
847 1908 1108 1967 extendit

607 2008 665 2059 et
690 2000 950 2060 restituta
977 2010 1066 2061 est

606 2110 814 2153 manus
842 2095 968 2155 eius
987 2126 1002 2142 ·

607 2186 928 2249 ‘Exierunt
954 2199 1149 2251 autem

606 2279 829 2342 farisaei
855 2301 991 2343 cum
1019 2286 1094 2345 he

606 2376 915 2443 rodianis·.
959 2388 1019 2438 et
1044 2397 1162 2441 con

606 2508 794 2568 silium
824 2511 1082 2572 iniebant

607 2603 885 2664 aduersus
906 2624 1043 2664 eum

604 2708 665 2758 ut
692 2697 853 2756 illum
883 2700 1060 2776 perde

606 2801 733 2851 rent
756 2822 771 2839 ·
816 2792 944 2871 ''ihs
971 2811 1114 2854 uero

608 2887 842 2946 secessit
865 2905 1001 2946 cum
1028 2888 1119 2949 dis

607 2980 810 3058 cipulis
839 2982 959 3041 suis
988 2982 1064 3041 ad

606 3090 766 3134 mare
788 3106 803 3121 ·
886 3074 965 3134 Et
992 3076 1114 3136 mul

605 3176 663 3227 ta
690 3168 859 3228 turba
887 3186 922 3228 a
949 3168 1122 3230 iudea

605 3269 663 3319 et
693 3262 905 3339 galilea
982 3260 1098 3325 εςΕι-
1125 3268 1202 3326 ab

602 3353 1006 3433 hierosolymis
1024 3389 1039 3405 ·

600 3460 660 3509 et
685 3451 763 3510 ab
783 3450 1019 3511 idumea
1041 3483 1056 3499 ·

603 3553 660 3602 et
686 3553 847 3604 trans
875 3544 1043 3605 iorda

602 3656 719 3697 nen
800 3639 878 3698 Et
907 3639 1063 3699 circa
1088 3650 1152 3718 ty

602 3750 762 3791 rum·
793 3743 852 3792 et
879 3733 1067 3793 sidem

601 3827 909 3888 multitudo
937 3846 1079 3906 mag

603 3939 682 3980 na
707 3952 722 3967 ·
763 3921 1085 3983 Audientes

601 4026 817 4093 quanta
844 4016 1093 4077 faciebat

602 4120 889 4169 uenerunt
916 4110 992 4169 ad
1021 4121 1144 4170 eu-

600 4204 621 4236 ⁹
637 4204 714 4263 Et
741 4205 883 4264 dixit
908 4205 1135 4283 discipu

600 4297 758 4357 lisuis
815 4309 880 4358 ut
908 4300 1044 4358 naui

604 4391 731 4451 cula
756 4392 1068 4454 deseruiret
1098 4394 1210 4454 sibi

2003 320 2277 385 MARC
2300 351 2314 367 ·

1372 504 1613 573 propter
1641 496 1811 556 turba

1371 606 1446 647 ne
1475 607 1612 648 cum
1642 590 1847 667 eonpri

1370 692 1600 742 merent
1616 715 1631 731 ·
1675 682 1722 717 ¹⁰
1737 683 1859 743 mul

1369 784 1463 837 tos
1491 779 1649 837 enim
1678 778 1916 838 curabat

1371 869 1461 929 Ita
1489 881 1554 930 ut
1581 871 1877 932 inruerent

1366 964 1427 1022 in
1454 982 1591 1024 eum
1647 976 1711 1024 ut
1740 966 1901 1026 illum

1366 1067 1673 1135 tangerent
1735 1060 1837 1137 qui

1367 1169 1619 1230 cumque
1648 1153 1800 1213 habe

1365 1246 1509 1305 bant
1536 1247 1739 1324 plagas
1762 1280 1777 1295 ·
1844 1246 1886 1280 ¹¹
1906 1247 2023 1309 Sed

1363 1350 1423 1399 et
1451 1344 1551 1416 siis
1579 1342 1845 1402 inmundi

1362 1452 1497 1493 cum
1526 1435 1684 1494 illum
1710 1436 1844 1498 uide

1362 1538 1493 1587 rent
1520 1529 1776 1606 procede

1361 1624 1504 1682 bant
1532 1625 1586 1683 ei
1608 1655 1622 1671 ·
1685 1625 1763 1684 Et
1791 1624 1980 1688 clama

1357 1717 1503 1776 bant
1531 1717 1788 1779 dicentes

1362 1811 1502 1887 quia
1530 1821 1594 1870 tu
1620 1830 1684 1871 es
1719 1813 1868 1874 filius

1361 1905 1422 1964 di
1444 1936 1458 1952 ·
1518 1903 1563 1938 ¹²
1577 1905 1656 1965 Et
1683 1907 1923 1986 increpa

1357 1998 1458 2058 bat
1483 1999 1608 2061 illos
1671 2019 1748 2060 ne
1775 2020 1912 2062 eum

1355 2093 1791 2154 manifestarent

1354 2189 1633 2265 quoniam
1662 2190 1919 2250 seieb⁸nt

1355 2299 1493 2341 eum
1512 2313 1525 2328 ·
1548 2314 1561 2329 ·
1605 2281 1994 2345 ¹²⁸Ascendens

1354 2387 1549 2437 autem
1583 2378 1645 2436 in
1672 2384 1875 2439 monte

1353 2510 1587 2571 uocauit
1615 2510 1690 2570 ad
1717 2529 1783 2572 se

1355 2621 1508 2681 quos
1535 2603 1717 2664 uoluit
1744 2606 1869 2683 ipse
1894 2638 1908 2653 ·

1354 2707 1413 2756 et
1438 2709 1710 2758 uenerunt
1739 2700 1815 2759 ad
1843 2706 1918 2759 eii
1942 2732 1956 2748 ·

1356 2790 1399 2824 ¹⁴
1414 2791 1493 2850 Et
1522 2792 1657 2852 fecit
1681 2793 1938 2853 duodeci·

1352 2894 1417 2943 ut
1444 2904 1646 2945 seeum
1673 2897 1870 2947 essent
1893 2918 1907 2935 ·

1353 2989 1412 3038 et
1440 2989 1502 3038 ut
1528 2981 1781 3042 mitteret
1806 2999 1911 3043 eos

1301 3098 1308 3106 ·
1352 3074 1651 3150 predicare
1678 3094 1832 3135 euan

1352 3168 1570 3245 gelium
1593 3200 1608 3216 ·
1652 3168 1698 3203 ¹⁶
1713 3179 1773 3229 et
1799 3169 1949 3231 habe

1350 3280 1412 3321 re
1440 3272 1790 3339 potestatem

1349 3357 1592 3417 curandi
1618 3357 1855 3418 ualitudi

1350 3469 1457 3510 nes
1480 3483 1494 3499 ·
1555 3462 1614 3511 et
1640 3453 1881 3513 eiciendi

1351 3547 1626 3606 demonia
1650 3579 1663 3594 ·
1688 3579 1700 3595 ·
1722 3579 1735 3594 ·
1761 3583 1842 3591 —

1348 3639 1393 3674 ¹⁶
1408 3641 1486 3700 Et
1514 3642 1770 3719 inposuit
1797 3645 1949 3703 simo

1348 3736 1407 3793 ni
1436 3752 1657 3794 nomen
1691 3743 1860 3814 petru

1346 3826 1469 3889 ¹⁷Et
1484 3831 1755 3890 iacobum
1773 3831 2009 3892 zebedei
2029 3864 2043 3879 ·

1344 3934 1403 3985 et
1431 3923 1747 3985 iohannem
1775 3925 1863 3986 fra

1344 4028 1492 4079 trem
1519 4019 1711 4079 iacobi
1731 4053 1815 4063 -

1346 4112 1751 4174 Communiter
1777 4133 1854 4175 au

1340 4216 1462 4267 tem
1489 4208 1723 4267 uocauit
1747 4228 1852 4269 eos

1349 4302 1677 4379 boanerges
1738 4304 1901 4381 quod

1344 4406 1433 4456 est
1459 4396 1538 4455 fili
1566 4398 1795 4458 tonitrui

2179 495 2222 530 ¹⁸
2239 497 2316 556 Et
2343 494 2623 555 andream
2648 525 2663 541 ·
2723 504 2784 554 et

2176 589 2419 668 fillipum
2444 620 2459 635 ·
2521 599 2580 648 et
2607 589 2707 648 b⁸r

2175 682 2541 743 tholomeum

2171 785 2233 835 et
2262 775 2525 836 thomam
2553 784 2613 834 et

2170 868 2446 930 iacobum
2474 868 2607 929 alfei

2168 971 2226 1022 et
2253 964 2526 1024 lebbeum

2170 1074 2203 1115 e
2235 1058 2527 1117 simonem
2556 1076 2707 1117 cana

2167 1169 2347 1210 neum
2367 1183 2381 1199 ·
2426 1152 2470 1186 ¹⁹
2486 1160 2543 1212 et
2570 1151 2707 1212 iuda

2168 1246 2423 1306 scarioth
2486 1247 2584 1324 qui
2613 1257 2702 1306 tra

2168 1338 2311 1399 didit
2339 1340 2498 1399 illum
2521 1373 2534 1387 ·
2558 1373 2571 1387 ·
2595 1374 2608 1388 ·
2673 1340 2812 1402 ”Et

2165 1434 2407 1493 ueniunt
2427 1434 2505 1494 ad
2531 1435 2666 1495 uilla
2686 1466 2701 1482 ·

2165 1536 2224 1586 et
2251 1530 2529 1588 conuenit
2556 1530 2702 1590 iterfi

2165 1622 2334 1681 turba
2356 1653 2371 1669 ·
2437 1624 2519 1683 uti
2545 1642 2656 1684 nec

2164 1724 2407 1792 possent
2436 1735 2651 1795 panem

2162 1808 2515 1871 manducare
2539 1843 2553 1858 ·

2161 1901 2204 1935 ²²
2223 1903 2299 1962 Et
2318 1921 2454 1964 cum
2484 1907 2780 1967 audissent

2161 1996 2235 2056 de
2264 2015 2339 2057 eo
2368 2000 2588 2060 scribae
2617 2011 2676 2060 et

2158 2092 2333 2151 ceteri
2387 2094 2648 2154 exierunt

2157 2195 2221 2244 ut
2249 2196 2512 2247 tenerent
2537 2207 2672 2248 eum

2157 2278 2448 2340 Dicebant
2476 2283 2634 2342 enim

2159 2376 2438 2452 quoniam
2466 2378 2720 2438 exentiat

2160 2526 2302 2568 eos·
2366 2506 2502 2570 ”Et
2530 2513 2752 2573 scribae

2160 2603 2261 2679 qui
2289 2604 2363 2662 ab
2390 2602 2684 2683 hierosoly

2160 2697 2275 2757 mis
2306 2698 2733 2761 descenderant

2158 2790 2430 2851 dicebant
2491 2795 2760 2870 quonia-

2158 2884 2460 2946 beelzebul
2488 2886 2665 2948 habet

2154 2979 2480 3057 principem
2501 2981 2612 3042 dae

2158 3074 2497 3135 moniorum
2558 3077 2638 3136 Et

2154 3185 2261 3243 per
2288 3186 2423 3228 eum
2452 3171 2587 3231 eicit
2615 3172 2689 3233 de

2153 3263 2356 3322 monia
2379 3295 2394 3310 ·
2449 3261 2494 3298 ⁸³
2511 3275 2569 3325 et
2596 3283 2675 3326 uo

2153 3357 2307 3415 cauit
2334 3375 2440 3417 eos
2501 3368 2561 3418 et
2586 3360 2666 3419 ait
2693 3360 2732 3421 il

2151 3448 2221 3507 lis
2248 3451 2306 3507 in
2334 3453 2624 3528 parabolis
2646 3486 2661 3501 ·

2150 3545 2454 3620 quomodo
2482 3564 2564 3623 po

2148 3646 2261 3697 test
2289 3649 2522 3699 satanas

2149 3741 2393 3791 satanan
2421 3735 2609 3794 eicere

2147 3823 2191 3858 ’⁴
2210 3826 2287 3885 Et
2315 3829 2364 3886 si
2391 3821 2640 3905 regnum
2667 3829 2727 3888 in
2757 3848 2818 3890 se

2148 3922 2440 3981 diuidatur
2497 3940 2621 3982 non

2144 4025 2338 4094 potest
2371 4026 2521 4076 stare

2145 4129 2393 4188 regnum
2421 4111 2561 4172 illud
2585 4144 2601 4160 ·

2144 4203 2188 4239 ²³
2205 4217 2265 4265 et
2293 4208 2341 4266 si
2369 4207 2582 4268 domus
2609 4226 2678 4268 su

2141 4320 2247 4379 per
2276 4313 2460 4362 semet
2487 4304 2616 4381 ipsa

2142 4396 2510 4474 dispartiatur

3518 334 3640 404 115

2943 512 3065 554 non
3095 502 3289 571 potest
3315 494 3395 554 do

2937 605 3174 647 momus
3202 588 3298 647 illa
3326 599 3417 648 sta

2935 698 2998 740 re
3078 682 3123 716 ²⁶
3138 683 3218 741 Et
3246 683 3292 742 si
3322 694 3557 745 satanas

2934 786 3179 835 satanan
3210 777 3344 836 eicit

2931 868 3257 946 dispertitus
3285 880 3374 930 est

2930 979 3104 1040 super
3137 981 3201 1022 se
3260 982 3384 1023 non
3411 981 3494 1041 po

2927 1064 3038 1115 test
3065 1066 3215 1116 stare
3243 1076 3348 1134 reg

2928 1167 3071 1209 num
3099 1151 3222 1210 eius
3286 1151 3392 1212 sed
3419 1150 3460 1235 fi

2927 1262 3067 1302 nem
3098 1244 3276 1305 habet

2925 1333 2970 1368 ¹⁷
2988 1337 3186 1399 Nemo
3214 1349 3410 1416 potest
3436 1356 3514 1399 ua

2926 1449 2991 1490 sa
3017 1431 3179 1491 fortis
3206 1434 3403 1511 ingres

2925 1542 3024 1585 sus
3050 1526 3112 1584 in
3141 1526 3384 1587 domum
3406 1526 3465 1586 di

2923 1619 3110 1696 ripere
3192 1621 3303 1679 nisi
3333 1621 3421 1698 pri

2922 1729 2993 1771 us
3022 1713 3231 1773 fortem
3255 1714 3456 1791 ,alliget
3484 1748 3498 1761 ·

2919 1805 2999 1865 Et
3025 1817 3163 1866 tunc
3192 1806 3439 1868 domum

2919 1901 3041 1959 eius
3069 1901 3296 1978 diripiet

2918 1993 3002 2057 †²⁸
3017 1991 3213 2085 eduen
3243 1995 3375 2055 dico
3404 1998 3579 2057 uobis
3605 2029 3620 2045 ·

2915 2089 3197 2166 quoniam
3230 2090 3432 2150 omnia

2916 2182 3273 2242 dimittentur
3295 2184 3374 2242 fili

2913 2277 2963 2336 is
2991 2276 3298 2336 hominum
3325 2296 3437 2354 pec

2915 2381 3046 2432 cata
3092 2381 3151 2431 et
3172 2370 3509 2433 blasfemiae
3527 2404 3542 2420 ·
3565 2405 3579 2420 ·
3603 2405 3615 2421 ·

2915 2503 2960 2539 ²⁹
2977 2505 3078 2583 qui
3108 2516 3304 2565 autem
3331 2506 3460 2565 blas

2913 2599 3216 2659 femauerit
3251 2605 3384 2676 siim

2913 2700 3039 2752 scm
3099 2712 3222 2753 non
3250 2694 3428 2754 habet

2912 2788 3321 2848 remissionem

2875 2933 2878 2938 .
2912 2880 3016 2941 sed
3044 2898 3177 2941 reus
3205 2882 3311 2941 erit

2909 2985 3145 3034 aeterne
3173 2975 3367 3036 delicti
3391 3008 3405 3024 ·

2907 3067 2954 3102 ³⁰
2971 3069 3271 3141 Quoniam
3301 3071 3574 3132 dicebant

2905 3181 3042 3222 eum
3072 3169 3206 3240 spm
3238 3166 3447 3224 inmun

2907 3257 3051 3317 dum
3079 3257 3296 3318 habere
3319 3289 3334 3305 ·

2905 3350 2946 3384 ³¹
2967 3351 3046 3409 Et
3072 3349 3233 3410 uenit
3253 3361 3441 3412 mater
3467 3354 3594 3415 eius

2906 3455 2964 3505 et
2985 3444 3189 3504 fratres
3217 3445 3343 3504 eius

2905 3548 2963 3599 et
2983 3537 3124 3598 foris
3152 3547 3374 3599 stantes

2903 3633 3185 3692 miserunt
3212 3631 3289 3691 ad
3317 3650 3454 3692 eum

2900 3734 2965 3784 ut
2992 3736 3332 3785 euocaretur
3353 3758 3369 3774 ·

2900 3816 2944 3852 ⁸²
2959 3819 3036 3878 Et
3064 3819 3349 3879 sedebant
3378 3820 3532 3881 circa

2899 3931 3037 3973 eum
3066 3915 3271 3974 turbae
3332 3924 3391 3974 et
3424 3916 3483 3976 di

2899 4018 3042 4067 cunt
3062 4008 3115 4068 ei
3178 4026 3320 4069 ecce
3349 4027 3450 4070 ma

2898 4111 2988 4162 ter
3013 4112 3114 4162 tua
3140 4111 3198 4162 et
3227 4102 3428 4164 fratres

2899 4197 2982 4255 tui
3043 4208 3101 4257 et
3122 4215 3354 4258 sorores

2897 4291 2982 4351 tui
3039 4290 3178 4350 foris
3205 4302 3455 4370 querunt

2899 4395 2954 4444 te
2974 4416 2988 4432 ·
3015 4416 3030 4432 ·
3070 4381 3116 4418 ⁸⁸
3132 4386 3230 4463 qui
3257 4404 3474 4463 respon

3163 4567 3264 4617 02

3665 512 3790 561 1¹01.
3810 514 3928 562 161.
