4414 4917
548 362 603 409 X.
627 360 830 422 23-x1.
854 355 931 419 8.]

311 525 411 576 rol.
428 527 507 575 24.
545 528 961 598 persequentur

544 631 649 673 uos
677 614 738 672 in
772 614 1006 673 ciuitate

546 708 711 766 istam
732 707 912 785 fugite
940 708 1003 765 in

547 800 783 861 alteram
802 828 815 841 ·
883 800 1044 878 quod

549 896 593 953 si
620 896 681 953 in
709 895 952 954 alteram
979 911 1085 972 per

548 1000 857 1065 sequentur
881 1006 989 1048 uos
1014 1012 1029 1026 ·

550 1081 724 1159 sugite
754 1083 814 1140 in
843 1082 1017 1141 aliam
1042 1108 1056 1122 ·

549 1177 744 1235 Amen
770 1176 905 1235 dico
933 1175 1104 1234 uobis

550 1288 671 1328 non
699 1271 1045 1329 consumabi

548 1363 617 1422 tis
645 1364 904 1423 ciuitates
930 1363 997 1421 ils
1021 1389 1035 1405 ·

553 1458 737 1517 donec
758 1458 956 1516 ueniat
977 1457 1016 1515 fi

552 1551 656 1609 lius
685 1551 974 1610 hominis·

552 1642 594 1677 ’⁴
612 1643 754 1703 Non
783 1656 871 1704 est
898 1644 1215 1722 discipulus

555 1757 727 1816 super
753 1739 1035 1816 magistra
1056 1764 1069 1777 ·

557 1851 662 1892 nec
692 1851 894 1892 seruus
922 1851 1096 1910 super

557 1927 698 1986 dr'im
723 1952 737 1966 ·
780 1927 827 1961 ²⁵
848 1926 1000 1986 Satis
1028 1939 1116 1987 est

558 2020 839 2098 discipulo
865 2030 929 2079 ut
956 2022 1032 2081 sit

558 2115 702 2174 sicut
731 2115 1004 2190 magister

558 2210 677 2269 eius
698 2236 712 2249 ·
779 2220 837 2267 et
863 2227 1066 2270 seruus

561 2305 707 2363 sicut
735 2304 849 2365 dr‘is
879 2305 1003 2363 eius
1021 2330 1034 2345 ·

562 2397 623 2456 Si
653 2410 879 2476 patrem
910 2395 1153 2457 familias

560 2531 855 2592 beelzebul
881 2550 1106 2592 uocaue

563 2638 729 2686 runt·
790 2637 1013 2702 quanto
1040 2644 1139 2685 ma

562 2721 647 2798 gis
675 2721 1034 2780 domesticos

562 2815 711 2874 eius·
772 2812 927 2873 ²³⁴⁸Ne
956 2831 1099 2892 ergo
1129 2813 1170 2872 ti

566 2909 820 2968 mueritis
848 2927 954 2968 eos
979 2934 993 2948 ·

567 3002 704 3061 nihil
731 3003 890 3062 enim
919 3007 1127 3078 opertu

567 3107 652 3156 est
678 3096 838 3173 quod
868 3114 993 3155 non
1024 3114 1088 3155 re

565 3191 876 3250 uelabitur·
918 3199 976 3249 et
1004 3209 1077 3249 oc

565 3286 777 3345 cultum
807 3283 968 3362 quod
997 3301 1118 3344 non

566 3380 772 3440 sciatur
794 3406 807 3419 ·
852 3376 1072 3455 ²‘'quod

568 3474 697 3534 dico
724 3473 896 3532 uobis
923 3473 985 3530 in
1013 3483 1146 3532 tene

472 3573 475 3578 ’
570 3569 681 3627 bris
710 3568 883 3626 dicite
912 3567 973 3625 in
1004 3566 1144 3625 lumi

570 3680 639 3722 ne
663 3694 677 3707 ·
736 3670 794 3720 et
821 3679 972 3737 quae
1000 3661 1060 3719 in
1088 3678 1166 3719 au

570 3777 628 3817 re
653 3757 860 3817 auditis
890 3756 1089 3833 praedi

569 3863 694 3912 cate
722 3869 896 3928 super
917 3855 1072 3909 tectii
1089 3875 1103 3891 ·

571 3945 612 3980 ¹⁸
627 3948 703 4005 Et
729 3945 907 4005 nolite
934 3945 1135 4002 timere

570 4060 670 4102 eos
698 4041 797 4117 qui
829 4038 1107 4097 occidunt

571 4151 781 4212 corpus
804 4159 819 4173 ·
878 4131 1075 4191 anima

572 4239 761 4288 autem
794 4244 921 4286 non
950 4235 1198 4303 possunt

570 4323 831 4383 occidere
856 4346 870 4362 ·
922 4318 1029 4379 sed

570 4418 756 4494 potius
784 4431 922 4476 eum
952 4415 1149 4473 timete

1798 345 1935 405 MA
1955 329 2300 404 TTHEff·

1299 516 1399 595 qui
1426 526 1618 594 potest
1646 517 1885 578 anima-

1298 621 1356 670 et
1384 630 1594 688 corpus
1623 611 1801 688 perde

1298 722 1359 762 re
1386 706 1449 762 in
1476 704 1812 782 gehennam
1832 730 1847 746 ·

1296 793 1341 829 ²⁹
1352 797 1567 857 Nonne
1591 798 1696 857 due
1714 808 1976 876 passer‘s

1296 909 1426 951 asse
1453 903 1736 952 ueneunt·

1300 996 1358 1046 et
1390 1004 1574 1045 unum
1602 1005 1674 1046 ex
1704 986 1814 1045 illis

1302 1098 1426 1139 non
1455 1080 1626 1140 cadet
1653 1098 1828 1157 super

1301 1183 1512 1232 terram
1540 1174 1666 1233 sine
1685 1193 1766 1234 uo

1303 1267 1518 1328 luntate
1546 1269 1725 1345 patris

1302 1362 1512 1420 uestri·
1569 1362 1615 1394 ³⁰
1634 1361 1825 1422 Uestri

1285 1454 1505 1515 'autem
1535 1467 1593 1515 et
1620 1457 1809 1533 capilli
1840 1475 1912 1517 ca

1305 1551 1438 1627 pitis
1467 1550 1749 1609 numerati

1307 1654 1442 1703 sunt
1471 1662 1680 1703 omnes
1701 1671 1715 1685 ·
1774 1643 1815 1676 ³¹
1836 1644 1958 1704 noli

1306 1747 1365 1796 te
1394 1755 1536 1813 ergo
1564 1737 1767 1797 timere
1792 1764 1805 1778 ·

1308 1832 1491 1891 multo
1520 1850 1628 1892 uos
1654 1831 1830 1893 melio

1310 1943 1403 1985 res
1429 1926 1565 1984 estis
1590 1927 1810 2002 passeri

1312 2021 1423 2079 bus
1448 2046 1460 2059 ·
1510 2017 1593 2083 †⁸²
1611 2020 1802 2080 omnis
1830 2040 1893 2080 er

1314 2133 1392 2192 go
1421 2114 1521 2191 qui
1547 2115 1853 2174 confitetur

1317 2214 1450 2271 ’ime
1478 2226 1680 2267 coram
1709 2207 1935 2267 homini

1312 2302 1423 2361 bus
1444 2329 1457 2342 ·
1522 2303 1847 2361 confitebor

1313 2414 1426 2474 ego
1454 2396 1614 2455 illum
1644 2414 1844 2456 coram

1312 2540 1474 2608 patre
1502 2549 1636 2591 meo
1664 2532 1764 2608 qui
1792 2541 1881 2591 est

1312 2625 1373 2683 in
1402 2625 1576 2684 caelis
1599 2651 1613 2665 ·
1677 2625 1721 2657 ⁸³
1739 2626 1840 2701 qui
1867 2644 1941 2685 au

1313 2728 1432 2780 tem
1461 2719 1757 2795 negauerit

1318 2831 1413 2872 me
1441 2831 1644 2872 coram
1673 2812 1835 2872 homi

1296 2908 1491 2966 ‚nibus
1568 2909 1803 2983 negabo
1830 2919 1887 2968 et

1315 3019 1429 3077 ego
1457 3000 1619 3062 illum
1640 3019 1839 3060 coram

1316 3105 1480 3173 patre
1508 3113 1644 3154 meo
1673 3095 1771 3172 qui
1798 3105 1886 3154 est

1318 3190 1379 3247 in
1406 3188 1581 3248 caelis
1606 3214 1620 3228 ·
1663 3188 1708 3221 ³⁴
1726 3189 1921 3249 Nolite

1318 3282 1575 3342 arbitrari
1603 3283 1738 3358 quia

1318 3377 1453 3435 ueni
1481 3394 1689 3454 pacem
1718 3376 1880 3437 mitte
1912 3403 1919 3410 ·

1320 3490 1382 3530 re
1410 3471 1472 3529 in
1500 3482 1710 3530 terram
1734 3496 1748 3512 ·

1322 3563 1462 3626 Non
1488 3565 1624 3624 ueni
1652 3584 1861 3642 pacem

1318 3659 1543 3719 mittere
1572 3658 1675 3718 sed
1704 3660 1801 3736 gla

1321 3753 1481 3812 dium
1502 3779 1515 3793 ·
1558 3752 1605 3786 ³³
1621 3751 1775 3812 Ueni
1804 3762 1902 3813 eni

1322 3865 1589 3925 separare
1619 3847 1781 3905 filiu-

1320 3942 1601 4001 aduersus
1628 3946 1794 4019 patre

1320 4054 1489 4094 suum
1510 4062 1523 4076 ·
1583 4046 1639 4120 et
1670 4035 1847 4094 filiam

1319 4130 1600 4189 aduersus
1627 4135 1811 4189 matre

1320 4242 1488 4283 suam
1509 4255 1524 4269 ·
1584 4234 1643 4283 et
1671 4230 1820 4283 nuri-1

1319 4319 1600 4379 aduersus
1630 4324 1801 4378 socri-1

1323 4432 1492 4475 suam
1517 4439 1529 4455 ·
1591 4414 1634 4496 ?⁶
1652 4422 1709 4473 et
1737 4411 1955 4473 inimici

2111 513 2368 573 hominis
2397 513 2602 573 domes

2109 609 2276 668 tieius
2295 634 2310 648 ·
2372 607 2418 641 ⁸⁷
2435 608 2533 684 qui
2566 606 2667 667 dili

2110 703 2193 779 git
2221 710 2448 778 patrem
2471 710 2571 760 aut

2109 805 2356 854 matrem
2384 795 2517 872 plus

2110 907 2289 966 quam
2316 907 2412 948 me
2493 907 2617 950 non

2112 993 2203 1043 est
2229 1001 2325 1042 me
2355 983 2568 1059 dignus
2588 1009 2601 1023 ·

2113 1076 2190 1136 Et
2217 1078 2316 1154 qui
2346 1076 2527 1153 diligit
2555 1076 2675 1136 filifi

2114 1179 2214 1230 aut
2241 1171 2416 1230 filiam
2444 1171 2574 1247 plus

2117 1275 2288 1342 quam
2317 1284 2412 1324 me
2439 1301 2452 1315 ·
2516 1282 2642 1324 non

2117 1370 2205 1419 est
2232 1378 2329 1418 me
2359 1359 2569 1435 dignus
2592 1384 2606 1400 ·

2117 1453 2160 1486 ⁸⁸
2179 1453 2258 1513 Et
2285 1453 2384 1530 qui
2413 1471 2534 1512 non
2555 1452 2766 1530 accipit

2117 1566 2349 1607 crucem
2380 1565 2546 1605 suam

2117 1652 2175 1701 et
2205 1643 2460 1718 sequitur
2488 1659 2588 1700 me

2120 1754 2243 1795 non
2271 1745 2359 1794 est
2386 1753 2481 1794 me
2511 1734 2613 1811 dig

2119 1848 2231 1888 nus
2251 1857 2264 1870 ·
2325 1830 2369 1863 ⁸⁹
2388 1830 2485 1908 qui
2512 1830 2648 1888 inue

2123 1925 2207 1982 nit
2234 1924 2493 1983 animam
2522 1928 2628 1981 sua

2121 2018 2329 2095 perdet
2354 2016 2513 2075 illam
2537 2042 2551 2056 ·

2122 2112 2198 2170 Et
2227 2111 2326 2189 qui
2354 2110 2663 2187 perdiderit

2122 2207 2382 2265 animam
2411 2222 2579 2263 suam

2122 2310 2486 2385 propter-me
2505 2324 2518 2338 ·

2119 2395 2378 2455 inueniet
2404 2411 2537 2453 eam

2122 2528 2167 2564 ⁴⁰
2185 2529 2304 2602 Qui
2325 2529 2527 2607 recipit
2545 2545 2653 2588 uos
2732 2545 2828 2587 me

2115 2624 2321 2701 recipit
2344 2650 2358 2664 ·
2422 2632 2480 2683 et
2506 2623 2607 2699 qui
2636 2640 2732 2682 me

2116 2718 2353 2794 recipit·
2412 2717 2614 2793 recipit

2118 2830 2258 2871 eum
2288 2812 2386 2887 qui
2418 2829 2513 2869 me
2541 2811 2732 2869 misit·

2119 2905 2161 2938 ⁴¹
2180 2905 2300 2979 Qui
2328 2905 2532 2981 recipit
2560 2904 2725 2982 profe

2119 3011 2273 3059 tam·
2318 3000 2377 3058 in
2408 2999 2646 3058 nomine

2120 3092 2414 3171 profaetae
2434 3120 2447 3133 ·
2508 3111 2636 3153 mer

2120 3188 2328 3248 cedem
2356 3187 2614 3265 profetae

2120 3282 2365 3359 accipiet
2383 3308 2396 3323 ·
2459 3291 2517 3341 et
2545 3281 2646 3359 qui

2120 3376 2325 3453 recipit
2350 3376 2564 3436 iustum

2120 3471 2180 3528 in
2210 3471 2448 3529 nomine
2477 3470 2608 3530 iusti
2631 3495 2645 3511 ·

2120 3565 2448 3624 mercedem
2477 3565 2611 3624 iusti
2639 3584 2711 3625 ac

2120 3659 2292 3736 cipiet
2312 3689 2324 3704 ·
2368 3655 2413 3691 ⁴²
2428 3668 2486 3717 et
2513 3660 2688 3735 quiesi

2119 3771 2235 3830 que
2262 3762 2468 3831 potum
2498 3752 2649 3812 dede

2121 3847 2225 3906 rit·
2289 3847 2388 3906 uni
2418 3865 2490 3905 ex
2520 3847 2663 3904 mini

2120 3941 2232 4000 mis
2258 3938 2378 3999 istis
2407 3941 2645 3999 calicem

2120 4052 2271 4111 aque
2300 4034 2542 4110 frigidae
2566 4060 2580 4074 ·
2645 4043 2748 4093 tan

2119 4137 2244 4204 tum
2273 4128 2333 4187 in
2362 4128 2602 4202 nomine

2122 4222 2420 4299 discipuli·
2482 4223 2682 4282 Amen

2122 4318 2256 4376 dico
2283 4317 2455 4377 uobis
2484 4336 2604 4378 non
2633 4336 2709 4395 pe

2836 512 2959 572 *11.
3002 511 3022 546 ²
3039 510 3117 572 Et
3143 511 3361 573 factum
3391 523 3481 574 est

2823 608 3009 679 ,*cum
3039 620 3413 669 consumma·

2836 703 2966 763 *set
2991 705 3083 763 ihs
3105 731 3119 745 ·
3179 706 3443 784 praecipi

2835 802 2981 862 *ens
3009 802 3320 863 duodecim

2836 896 3174 972 *discipulis
3202 898 3319 956 suis
3341 922 3360 938 ·

2868 990 3124 1048 transsiit
3152 989 3291 1049 inde
3317 1023 3330 1038 ·

2867 1092 2932 1142 ut
2960 1084 3197 1142 doceret
3223 1093 3281 1143 et
3307 1103 3416 1162 pre

2870 1177 3086 1236 dicaret
3113 1178 3173 1236 in
3205 1178 3376 1238 ciuita

2868 1271 3023 1330 tibus
3051 1290 3256 1331 eorum
3279 1304 3292 1317 ·

2872 1361 2895 1395 ²
2911 1366 3208 1426 Iohannes
3236 1376 3435 1427 autem

2873 1478 3010 1520 cum
3040 1460 3296 1521 audisset
3321 1463 3384 1520 in

2874 1572 3106 1613 carcere
3137 1572 3317 1631 opera

2876 1648 2978 1724 xpi
3003 1673 3016 1688 ·
3077 1648 3311 1708 mittens
3340 1668 3448 1726 per

2877 1741 3194 1817 discipulos
3223 1760 3360 1803 suos
3385 1771 3398 1784 ·

2877 1834 2993 1893 'ait
3022 1835 3100 1892 illi
3178 1835 3275 1895 Tu
3304 1855 3368 1897 es
3397 1840 3500 1916 qui

2876 1938 3156 1988 uenturus
3189 1948 3253 1989 es
3335 1950 3414 1990 an
3485 1940 3490 1945 “

2877 2022 3053 2081 aliurn
3088 2035 3366 2100 exspecta

2876 2135 3043 2176 mus·
3091 2119 3111 2151 ⁴
3130 2128 3187 2177 et
3216 2131 3423 2197 respon

2876 2212 3023 2270 dens
3051 2212 3140 2270 ihs
3168 2213 3246 2272 ait
3274 2214 3381 2273 illis
3405 2240 3420 2254 ·

2873 2303 3097 2364 Euntes
3125 2307 3383 2367 nuntiate

2878 2399 3120 2460 iohanni
3142 2427 3156 2441 ·
3217 2419 3368 2479 quae
3400 2421 3478 2463 au

2880 2533 3044 2593 distis
3072 2543 3129 2593 et
3156 2534 3377 2595 uidistis
3403 2563 3418 2577 ·

2875 2626 3075 2688 “caeci
3100 2628 3333 2688 uident·
3397 2640 3456 2690 et

2875 2722 3067 2781 claudi
3094 2723 3428 2782 ambulant·

2873 2816 3087 2894 leprosi
3115 2817 3378 2876 mundan

2875 2919 3003 2969 tur·
3067 2920 3125 2969 et
3154 2911 3311 2970 surdi
3345 2930 3421 2971 au

2878 3004 3044 3064 diunt
3068 3035 3082 3050 ·
3145 3014 3204 3064 et
3231 3008 3447 3066 mortui

2878 3108 3223 3176 resurgunt·
3284 3111 3342 3160 et

2876 3210 3163 3270 pauperes
3189 3212 3341 3254 euan

2876 3287 3224 3362 gelizantur·
3279 3289 3375 3348 ‘et
3402 3290 3477 3349 be

2877 3391 3005 3440 atus
3034 3390 3121 3441 est
3149 3381 3247 3459 qui
3275 3401 3400 3442 non

2877 3475 3300 3536 scandalizatus
3329 3475 3390 3534 fu

2877 3569 2985 3626 erit
3011 3569 3072 3626 in
3100 3587 3196 3626 me
3216 3595 3229 3610 ·

2875 3661 3276 3722 'Abeuntibus
3309 3670 3442 3724 aute

2877 3754 2988 3814 illis
3009 3786 3022 3800 ·
3085 3757 3276 3833 coepit
3304 3758 3395 3817 ihs

2879 3849 3072 3909 dicere
3098 3851 3175 3909 ad
3206 3852 3404 3911 turbas

2879 3942 2951 4001 de
2980 3943 3236 4003 ihoanne
3260 3972 3273 3985 ·
3337 3946 3478 4023 quid

2877 4038 3103 4096 exsistis
3131 4039 3195 4096 in
3224 4038 3392 4099 deser

2877 4141 3003 4190 tum
3031 4132 3228 4192 uidere
3247 4164 3260 4178 ·
3324 4133 3403 4195 ha

2875 4225 3184 4284 rundinem
3217 4245 3253 4286 a
3279 4246 3410 4312 uen,

2876 4329 2939 4379 to
2969 4320 3172 4396 agitari
3197 4348 3210 4362 ·
3255 4321 3276 4355 ⁸
3298 4323 3403 4382 sed

2122 4411 2253 4472 ribit
2282 4429 2505 4473 merces
2533 4413 2657 4473 eius
2679 4440 2691 4454 ·
2714 4440 2795 4467 o-
2880 4413 3021 4493 quid
3049 4415 3246 4476 existis
3273 4416 3409 4477 uide

3310 4529 3372 4568 re

3497 359 3575 425 13

3607 516 3731 567 1⁸01.
3758 516 3849 565 25.
