4414 4917
281 586 435 637 501.
465 589 562 638 83.

620 342 660 393 1·
702 342 875 409 5·³4·]

619 579 700 639 “F
704 583 786 641 uit
813 583 874 643 in
904 583 1114 645 diebus
1143 583 1286 647 hero

619 675 708 736 dis
736 678 892 754 regis
921 678 1128 739 iudeae

617 771 893 831 sacerdos
921 773 1163 851 quidam
1186 805 1201 822 ·

615 866 856 924 nomine
877 868 1175 929 zacharias
1195 899 1211 916 ·

617 959 690 1018 de
718 961 848 1020 uice
878 963 1012 1023 abia
1030 994 1045 1010 ·
1110 974 1168 1024 et
1193 981 1274 1025 ux

616 1055 790 1113 or.illi
819 1055 894 1116 de
924 1057 1153 1117 filiabus

615 1165 796 1208 aaron
852 1160 912 1209 et
938 1169 1163 1214 nomen

612 1243 735 1301 eius
764 1243 1084 1305 helisabeth
1107 1277 1122 1294 ·

613 1335 824 1397 ‘Erant
852 1350 1047 1399 autem
1077 1340 1212 1400 iusti

615 1432 788 1490 ambo
818 1444 951 1493 ante
980 1433 1081 1492 ἀῶ
1104 1466 1118 1481 ·
1171 1435 1234 1495 in

616 1525 890 1587 cedentes
919 1529 979 1586 in
1008 1529 1175 1588 omni

614 1618 723 1677 bus
751 1622 1045 1682 mandatis
1099 1633 1158 1682 et

616 1712 1118 1777 iustificationibus

617 1807 675 1865 di
701 1808 825 1868 sine
854 1811 1109 1886 querella
1132 1843 1147 1859 ·

614 1900 637 1934 '¹
654 1901 728 1961 Et
756 1921 879 1961 non
907 1914 1029 1963 erat
1057 1905 1167 1967 illis
1199 1906 1280 1966 fili

614 2011 680 2055 us
734 2015 823 2079 fleo
851 1998 1013 2073 quod
1039 2011 1196 2060 esset

615 2087 929 2150 helisabeth
958 2102 1110 2153 stere

614 2181 682 2242 lis
704 2215 719 2231 ·
780 2185 859 2244 Et
887 2188 1063 2246 ambo
1092 2205 1201 2265 pro

614 2279 760 2337 cessi
788 2290 953 2339 erant
979 2281 1041 2338 in
1071 2281 1167 2341 die

614 2370 720 2431 bus
750 2373 869 2431 suis
893 2404 907 2419 ·
934 2406 947 2421 ·
991 2373 1013 2407 ⁸
1030 2373 1215 2435 Facti-1

615 2514 698 2563 est
725 2515 921 2565 autem
950 2524 1088 2565 cum
1119 2525 1184 2567 sa

614 2600 873 2658 cerdotio
900 2600 1145 2675 fungere

613 2700 702 2751 tur
728 2693 1025 2754 zacharias
1053 2696 1113 2753 in

614 2787 814 2846 ordine
842 2789 988 2848 uicis
1017 2807 1158 2849 suae

613 2891 743 2940 ante
774 2883 874 2941 dm
895 2914 909 2929 ·
955 2883 1186 2943 ‘'Secun

616 2975 753 3035 dum
781 2978 1249 3037 consuetudine·-
1273 3011 1287 3026 ·

616 3070 921 3129 sacerdotii
951 3089 1077 3130 sors
1106 3073 1202 3130 exi

616 3164 658 3223 it
682 3176 742 3224 ut
771 3166 1079 3225 incensum
1107 3184 1188 3242 po

614 3270 774 3319 neret
798 3292 812 3306 ·
841 3292 854 3306 ·
882 3292 895 3306 ·
948 3260 1229 3336 Ingresus

614 3352 672 3411 in
691 3355 970 3432 templum
993 3355 1095 3413 dni
1119 3386 1133 3402 ·
1185 3355 1295 3416 ¹⁰et

616 3449 806 3508 omnis
834 3448 1143 3509 multitudo

614 3555 729 3602 erat
757 3543 1010 3620 populus
1040 3542 1256 3603 horans

615 3634 756 3695 hora
784 3637 1011 3695 incensi
1036 3668 1049 3682 ·
1075 3669 1088 3683 ·

615 3727 948 3807 ¹¹Apparuit
977 3740 1167 3790 autem
1197 3731 1277 3790 illi

614 3825 854 3901 angelus
883 3825 987 3883 dfii
1017 3835 1178 3885 stans

614 3918 686 3977 ad
716 3919 931 3978 dextris
960 3918 1153 3978 altaris

613 4013 830 4074 incensi
856 4044 871 4059 ·
915 4011 1044 4071 ¹²Et
1079 4012 1284 4074 uidens

612 4107 902 4166 zacharias
933 4108 1105 4166 turba

611 4209 700 4259 tus
727 4211 815 4261 est
834 4232 849 4248 ·
914 4210 974 4260 et
1003 4200 1214 4264 cecidit

611 4293 780 4357 timor
806 4313 985 4372 super
1013 4312 1150 4356 eum

1932 333 2283 398 LUCAN-

1371 571 1589 633 ¹³Dixit
1618 586 1814 635 autem
1846 577 1921 636 ad
1952 577 2051 638 illu

1371 670 1617 747 angelus
1641 702 1655 717 ·
1717 690 1793 731 ne
1823 672 1960 733 time

1371 780 1437 822 as
1466 764 1733 824 zacharia
1752 796 1766 812 ·
1838 774 1982 844 qum

1371 876 1512 917 ecce
1534 860 1862 921 obsecratio
1892 872 1991 921 tua

1371 953 1643 1013 exaudita
1671 966 1758 1014 est
1782 986 1796 1001 ·
1856 954 1934 1014 Et
1961 974 2041 1016 ux

1369 1065 1438 1105 or
1463 1056 1562 1107 tua
1591 1048 1913 1108 helisabeth

1368 1142 1553 1217 pariet
1585 1143 1686 1201 tibi
1717 1143 1898 1202 filium

1365 1245 1425 1294 et
1453 1237 1693 1298 uocabis
1722 1256 1942 1299 nomen

1369 1329 1493 1389 eius
1519 1330 1838 1392 iohannem
1859 1364 1872 1379 -

1367 1423 1409 1456 ¹⁴
1427 1433 1486 1483 et
1520 1426 1624 1484 erit
1650 1427 1932 1503 gaudium
1963 1427 2006 1486 ti

1366 1518 1425 1576 bi
1454 1529 1512 1577 et
1538 1521 1818 1580 exultatio
1841 1552 1855 1568 ·
1919 1521 1998 1581 Et

1364 1614 1530 1673 multi
1558 1616 1617 1672 in
1647 1616 1888 1676 natiuita

1364 1717 1421 1767 te
1449 1709 1572 1768 eius
1599 1710 1936 1786 gaudebunt
1954 1742 1969 1757 ·

1364 1801 1408 1835 ¹⁶
1426 1802 1549 1862 Erit
1576 1805 1736 1862 enim
1765 1823 2019 1882 magnus

1365 1915 1562 1957 coram
1591 1898 1711 1958 dfio
1734 1930 1747 1945 ·
1813 1910 1872 1959 et
1897 1902 1957 1959 ui

1364 2009 1507 2050 num
1538 2002 1596 2052 et
1625 1993 1811 2053 sicera
1837 2013 1962 2053 non

1364 2085 1557 2144 bibet·
1622 2097 1681 2146 et
1709 2093 1819 2164 spu
1849 2095 1951 2148 sco
1994 2112 1999 2117 ’

1364 2180 1679 2256 replebitur
1701 2212 1716 2228 ·
1777 2182 1873 2240 Ad

1364 2273 1479 2334 huc
1507 2294 1580 2334 ex
1607 2286 1772 2335 utero
1799 2279 1998 2337 matris

1365 2386 1504 2428 suae
1529 2400 1543 2416 ·
1587 2368 1632 2402 ¹⁸
1647 2381 1705 2430 et
1727 2371 1942 2430 multos
1966 2372 2042 2430 fili

1365 2519 1536 2561 orum
1564 2503 1637 2561 isi
1665 2521 1884 2563 conuer

1364 2604 1445 2654 tet
1473 2595 1548 2655 ad
1576 2597 1717 2656 dnm
1748 2598 1849 2658 dm
1878 2599 2010 2676 ipso

1364 2707 1492 2749 rum
1516 2721 1530 2736 ·
1575 2689 1619 2723 ¹⁷
1635 2702 1694 2750 et
1729 2692 1854 2769 ipse
1884 2712 1987 2770 pre

1364 2786 1533 2844 cedet
1562 2797 1697 2845 ante
1726 2787 1888 2846 illum

1364 2879 1423 2937 in
1454 2885 1563 2957 spu
1592 2891 1650 2939 et
1676 2882 1881 2941 uirtute

1362 2972 1546 3033 heliae
1566 3006 1580 3020 ·
1647 2986 1922 3036 conuerte

1361 3086 1425 3127 re
1455 3070 1632 3129 corda
1660 3081 1891 3147 patrum

1363 3163 1424 3220 in
1454 3163 1601 3223 filios
1623 3196 1636 3210 ·
1700 3176 1758 3224 et
1788 3165 1947 3226 incre

1362 3257 1567 3318 dibiles
1597 3260 1672 3319 ad
1702 3260 1930 3336 pruden

1361 3351 1501 3410 tiam
1531 3353 1809 3413 iustorum
1835 3386 1849 3401 ·

1360 3464 1562 3522 parare
1584 3441 1712 3508 ‘dfio
1742 3449 1912 3526 plebe

1360 3541 1677 3617 perfectam
1701 3573 1716 3590 ·

1358 3633 1401 3669 ¹⁸
1411 3635 1488 3694 Et
1499 3637 1644 3695 dixit
1658 3637 1955 3698 zacharias
1971 3639 2045 3698 ad

1360 3731 1634 3806 angelum
1662 3732 1811 3790 unde
1842 3733 1957 3794 hoc

1361 3825 1546 3884 sciam
1570 3856 1584 3871 ·
1650 3844 1764 3902 ego
1794 3827 1941 3885 eni‘·

1361 3937 1491 3977 sum
1520 3937 1702 3980 senex
1726 3952 1741 3967 ·
1793 3931 1851 3980 et
1878 3939 1958 3979 ux

1360 4031 1430 4072 or
1456 4032 1588 4073 mea
1616 4016 1905 4091 processit

1360 4108 1422 4165 in
1450 4108 1654 4167 diebus
1684 4109 1804 4169 suis
1823 4140 1836 4156 ·

1357 4200 1404 4235 ¹⁹
1421 4202 1497 4261 Et
1523 4202 1889 4279 respondens
1917 4221 1992 4264 an

1359 4297 1526 4374 gelus
1556 4297 1703 4356 dixit
1731 4297 1786 4357 ei
1816 4329 1829 4343 ·
1854 4329 1866 4344 ·
1895 4329 1907 4344 ·

2177 575 2314 654 Ego
2344 595 2474 637 sum
2502 579 2724 656 gabriel

3549 350 3632 420 73

2978 498 3015 555 †
3036 495 3099 547 de
3120 496 3336 547 aduento

2865 584 2899 622 *
2923 587 3055 647 ²⁸1n
3084 608 3292 649 mense
3322 601 3518 649 autem

2176 672 2277 746 qui
2306 673 2473 733 adsto
2502 682 2633 734 ante
2665 676 2766 734 dm
2788 707 2802 723 ·
2870 680 2904 718 *
2925 694 3093 743 sexto
3122 685 3303 744 misus
3332 696 3421 746 est

2175 765 2255 823 Et
2282 767 2496 827 missus
2523 785 2653 828 sum
2685 771 2761 829 ad
2789 780 2844 832 te
2869 772 2901 810 *

2921 779 3166 855 angelus
3194 779 3418 855 gabriel

2175 859 2336 937 loqui
2397 872 2454 920 et
2482 862 2626 922 haec
2656 865 2759 923 tibi
2865 868 2899 906 *
2924 892 2959 932 a
2988 872 3066 931 (15
3094 874 3156 931 in
3185 873 3417 933 ciuitate

2174 956 2575 1031 euangelizare
2595 989 2609 1004 ·
2654 959 2797 1022 ²⁰Et

2173 1065 2315 1108 ecce
2343 1052 2455 1110 eris
2485 1062 2683 1113 tacens
2703 1085 2717 1100 ·

2170 1142 2252 1202 Et
2278 1162 2402 1203 non
2428 1148 2646 1223 poteris
2673 1147 2834 1227 loqui
2858 1182 2873 1198 ·

2173 1255 2358 1315 usque
2388 1241 2450 1298 in
2480 1241 2637 1301 diem
2666 1262 2786 1321 quo

2172 1332 2317 1392 haec
2346 1334 2520 1394 fiant·
2582 1355 2692 1414 pro
2726 1338 2830 1400 h⁰c

2171 1428 2331 1502 quod
2361 1446 2484 1489 non
2512 1433 2669 1491 credi

2168 1521 2305 1580 disti
2330 1525 2524 1583 uerbis
2551 1528 2697 1587 meis
2722 1561 2735 1576 ·

2170 1613 2343 1687 Quae
2372 1619 2766 1696 implebuntur

2172 1711 2233 1769 in
2263 1722 2523 1790 tempore
2553 1733 2664 1777 suo
2686 1748 2699 1762 ·

2170 1802 2216 1838 ²¹
2236 1805 2314 1864 Et
2336 1818 2454 1867 erat
2475 1808 2641 1885 plebs
2662 1830 2847 1888 expec

2170 1910 2302 1959 tans
2332 1902 2658 1961 zachariam
2682 1936 2697 1950 ·

2169 1993 2249 2053 Et
2276 1996 2632 2055 mirabantur
2660 1999 2811 2076 quod

2168 2088 2421 2149 tardaret
2447 2090 2575 2166 ipse
2605 2091 2666 2149 in

2168 2183 2390 2259 templo
2414 2215 2428 2230 ·
2455 2214 2468 2229 ·
2513 2185 2558 2218 ²²
2573 2184 2763 2262 Egres

2169 2293 2267 2335 sus
2296 2287 2491 2338 autem
2518 2296 2639 2338 non
2666 2297 2746 2355 po

2168 2379 2316 2431 terat
2341 2372 2501 2448 loqui
2530 2372 2607 2431 ad
2635 2374 2763 2433 illos
2787 2404 2801 2421 ·

2165 2502 2244 2562 Et
2272 2517 2681 2580 cognouerunt

2165 2598 2330 2674 quod
2355 2599 2645 2658 uisionem
2672 2601 2732 2660 ui

2169 2691 2253 2750 dit
2280 2692 2342 2749 in
2370 2693 2592 2769 templo
2616 2725 2630 2740 ·
2691 2704 2749 2756 et

2169 2786 2294 2862 ipse
2323 2796 2443 2845 erat
2472 2805 2742 2847 annuens

2167 2880 2279 2938 illis
2308 2890 2365 2939 et
2393 2882 2715 2958 permansit

2168 2983 2363 3034 mutus
2389 3005 2403 3021 ·
2446 2975 2583 3035 ”Et
2612 2975 2768 3036 factu

2166 3080 2257 3129 est
2284 3079 2347 3127 ut
2375 3069 2597 3146 impleti
2626 3079 2764 3129 sunt

2167 3163 2292 3222 dies
2320 3164 2494 3222 officii
2524 3165 2649 3224 eius
2673 3196 2687 3211 ·
2705 3197 2789 3207 —

2167 3258 2306 3316 abiit
2327 3255 2380 3299 5¹¹
2403 3258 2645 3318 domum
2676 3270 2831 3318 sua*
2852 3291 2867 3307 ·

2165 3351 2212 3385 ²⁴
2221 3351 2363 3412 Post
2379 3350 2483 3412 hos
2501 3364 2694 3413 autem
2714 3356 2839 3416 dies
2852 3387 2865 3402 ·

2167 3449 2437 3523 concepit
2465 3447 2786 3508 helisabeth

2165 3559 2316 3600 uxor
2341 3543 2467 3601 eius
2490 3573 2504 3588 ·
2570 3552 2627 3601 et
2655 3543 2828 3603 occul

2166 3637 2327 3695 tabat
2356 3655 2418 3696 se
2446 3638 2748 3697 mensibus

2167 3731 2427 3808 quinque
2497 3731 2700 3790 dicens
2720 3764 2733 3778 ·

2164 3821 2211 3857 ²⁶
2227 3826 2367 3901 quid
2395 3825 2537 3883 mihi
2567 3827 2648 3884 sic
2680 3826 2816 3885 fecit

2165 3919 2278 3978 dfis
2307 3921 2366 3977 in
2397 3919 2602 3978 diebus
2622 3950 2636 3967 ·
2697 3920 2798 3999 qui

2165 4015 2275 4074 bus
2305 4015 2557 4089 respexit
2585 4031 2660 4073 au

2165 4109 2311 4167 ferre
2367 4108 2553 4184 obpro

2166 4204 2356 4262 brium
2384 4220 2583 4260 meum
2613 4203 2674 4261 in

2166 4309 2254 4359 ter
2282 4296 2553 4358 homines
2584 4330 2596 4342 ·
2625 4330 2636 4342 ·
2666 4328 2679 4343 ·
2704 4322 2786 4350 ω

2923 966 3169 1043 galileae
3240 968 3334 1026 cui
3364 985 3445 1027 no

2925 1077 3065 1118 men
3093 1071 3330 1121 nazaret
3388 1059 3433 1094 ²⁷
3453 1061 3529 1123 ad

2923 1155 3213 1232 uirginem
3241 1156 3446 1233 dispon

2924 1261 3111 1309 satam
3139 1251 3265 1311 uiro
3293 1253 3388 1311 cui

2924 1363 3142 1404 nomen
3171 1345 3380 1423 ioseph
3399 1377 3412 1392 ·

2817 1474 2825 1481 -
2923 1438 2997 1497 de
3026 1439 3205 1499 domo
3236 1440 3410 1499 dauid
3429 1472 3443 1487 ·

2920 1542 2978 1591 et
3006 1551 3222 1592 nomen
3250 1535 3493 1611 uirginis

2923 1615 3107 1672 maria
3130 1646 3144 1660 ·
3189 1613 3231 1647 ²⁸
3250 1616 3327 1674 Et
3355 1618 3545 1693 ingres

2924 1727 3024 1767 sus
3053 1708 3129 1767 ad
3158 1728 3291 1767 eam
3318 1712 3548 1787 angelus

2924 1803 3069 1862 dixit
3092 1834 3106 1849 ·
3170 1804 3321 1863 habe
3348 1823 3453 1883 gra

2920 1898 3136 1956 tificata
3165 1898 3276 1957 dfis
3305 1908 3501 1959 teon--

2924 1990 3245 2051 Benedicta
3271 2002 3334 2051 tu
3362 1994 3511 2054 inter

2920 2085 3191 2145 mulieres
3215 2117 3228 2132 ·
3288 2085 3334 2120 ²⁹
3352 2088 3479 2164 ipsa

2920 2191 3116 2239 autem
3143 2191 3206 2239 ut
3234 2181 3380 2240 uidit

2920 2284 3083 2333 mota
3111 2286 3199 2335 est
3226 2277 3286 2334 in
3314 2277 3466 2338 intro

2921 2369 3006 2427 itu
3040 2369 3164 2429 eius
3183 2401 3198 2417 ·
3258 2371 3336 2430 Et
3363 2383 3485 2431 erat

2924 2502 3192 2579 cogitans
3221 2504 3382 2580 quod
3413 2505 3497 2565 sic

2923 2595 3315 2657 benedixisset
3342 2618 3513 2667 eam,-

2921 2687 2967 2721 ⁸⁰
2984 2690 3060 2749 Et
3089 2691 3233 2750 dixit
3261 2694 3315 2752 ei
3344 2695 3587 2771 angelus

2922 2802 2997 2843 ne
3026 2785 3232 2845 timeas
3260 2790 3443 2850 maria

2922 2879 3196 2939 inuenisti
3225 2884 3462 2958 gratia·-

2921 2974 3078 3050 apud
3109 2974 3209 3032 dm
3233 3007 3246 3021 ·
3290 2975 3333 3008 ⁸¹
3351 2977 3429 3036 Et
3458 2997 3598 3040 ecce

2920 3069 3221 3145 concipies
3250 3071 3311 3128 in
3340 3082 3505 3133 utero

2919 3173 2978 3221 et
3006 3164 3193 3239 paries
3222 3165 3406 3224 filium
3429 3198 3443 3214 ·

2920 3263 2978 3313 et
3004 3259 3249 3317 uocabis
3278 3278 3500 3321 nomen

2918 3350 3042 3409 eius
3071 3352 3192 3410 ihm
3212 3384 3225 3398 ·
3289 3354 3461 3415 ⁸²Hic
3490 3357 3598 3420 erit

2918 3460 3169 3520 magnus
3193 3457 3248 3504 et
3280 3448 3431 3508 filius

2916 3538 3178 3597 altissimi
3206 3543 3418 3601 uocabi

2917 3641 3009 3689 tur
3032 3663 3045 3678 ·
3105 3643 3162 3691 et
3192 3636 3350 3694 dabit
3377 3637 3457 3697 illi

2919 3724 3029 3784 dfis
3060 3727 3128 3785 d's
3159 3728 3420 3789 thronu-

2919 3819 3097 3878 dauid
3125 3824 3304 3897 patris
3332 3825 3455 3885 eius
3476 3856 3491 3874 ·

2917 3911 2963 3945 ⁸⁸
2979 3923 3036 3971 et
3064 3917 3326 3991 regnabit
3354 3919 3415 3976 in
3445 3919 3524 3979 do

2917 4025 3083 4065 mum
3111 4008 3282 4068 iacob
3312 4012 3372 4069 in
3400 4023 3556 4073 aeter

2917 4120 3060 4159 num
3081 4133 3094 4147 ·
3157 4114 3216 4161 et
3245 4107 3412 4182 regni
3441 4108 3567 4170 eius

2916 4214 3039 4254 non
3070 4196 3174 4255 erit
3202 4197 3335 4258 finis
3357 4231 3371 4245 ·

2916 4289 2961 4322 ⁸⁴
2980 4290 3144 4349 Dixit
3171 4302 3369 4352 autem
3402 4296 3586 4356 maria

3261 4417 3301 4460 1.

3689 600 3813 652 1¹01.
3837 603 3928 650 84.
