4414 4917
776 319 862 400 56
2042 304 2513 381 SECUNDU·
3386 324 3504 390 [IX.
3524 327 3705 392 33-X.
3733 336 3810 377 ιι.

479 498 917 570 1⁸01.281.qtim
944 490 1238 551 eiecerunt
1267 497 1392 550 eu*
1524 502 1581 550 et
1609 505 1755 551 oues
1783 506 1993 552 uocem
2022 493 2147 550 eius

772 586 929 646 foras
998 596 1058 646 et
1085 586 1310 646 inuenit
1525 587 1767 645 audiunt
1785 617 1799 633 ·
1862 595 1921 645 et
1948 600 2084 645 suas
2112 604 2151 646 ο

770 699 909 741 eum
937 691 997 741 et
1024 681 1168 740 dixit
1193 682 1248 739 ei
1273 712 1288 727 ·
1332 676 1431 739 Tu
1524 681 1749 740 uiculas
1776 691 1953 740 uocat
1981 696 2062 740 no

769 775 962 835 credis
990 775 1050 834 in
1081 775 1262 833 filium
1292 774 1352 833 di
1370 804 1388 820 ·
1525 776 1791 833 minatim
1871 783 1929 833 et
1957 788 2065 851 pro

768 870 814 903 ⁸⁶
833 869 1162 947 Respondit
1186 869 1265 927 illi
1292 878 1351 927 et
1373 868 1470 929 dix
1526 870 1685 929 ducit
1708 870 1833 929 illas
1854 900 1867 916 ·
1912 869 1935 901 ⁴
1955 870 2108 929 Cum
2130 884 2205 928 au

768 964 812 1022 it
832 995 848 1011 ·
910 964 1041 1039 quis
1068 973 1157 1022 est
1185 962 1298 1021 dne
1325 972 1392 1021 ut
1522 973 1641 1022 tem
1668 979 1815 1023 oues
1842 977 1978 1023 suas
2005 964 2093 1023 eie

767 1057 1004 1116 credam
1032 1058 1092 1116 in
1127 1057 1287 1115 illum
1311 1088 1326 1103 ·
1524 1059 1664 1117 cerit
1694 1067 1827 1117 ante
1856 1059 2015 1135 ipsas

766 1152 811 1185 ⁸⁷
821 1151 984 1210 Dixit
1000 1161 1197 1211 autem
1226 1151 1314 1210 ihs
1336 1160 1395 1210 et
1414 1151 1473 1209 ui
1524 1152 1685 1210 uadit
1703 1182 1717 1198 ·
1778 1162 1836 1211 et
1862 1151 2130 1211 ouiculae

768 1246 900 1306 disti
926 1262 1062 1305 eum
1144 1255 1203 1305 et
1230 1247 1330 1323 qui
1357 1245 1418 1305 lo
1521 1246 1682 1304 illum
1710 1256 1983 1305 secuntur
2005 1277 2019 1293 ·

769 1342 961 1417 quitur
987 1351 1182 1401 tecum
1210 1341 1337 1417 ipse
1524 1341 1661 1418 quia
1689 1341 1879 1400 sciunt
1908 1341 2033 1399 eius
2060 1356 2140 1400 uo

769 1445 859 1494 est
879 1465 895 1481 ·
961 1434 1006 1467 ⁸⁸
1024 1433 1126 1493 Ille
1156 1445 1352 1495 autem
1524 1453 1654 1493 cem
1681 1466 1696 1480 ·
1756 1435 1779 1467 ⁸
1797 1432 2072 1493 Alienum
2100 1449 2177 1493 au

477 1531 745 1599 procedent
771 1529 916 1588 dixit
944 1529 1124 1589 credo
1151 1529 1265 1588 dhe
1291 1559 1306 1576 ·
1365 1537 1426 1588 et
1524 1539 1642 1587 tem
1673 1544 1794 1587 non
1823 1538 2099 1589 secuntur

768 1622 1036 1681 adorauit
1063 1640 1199 1681 eum
1230 1655 1244 1669 ·
1272 1655 1285 1669 ·
1352 1618 1471 1670 smet
1524 1623 1628 1681 sed
1657 1622 1886 1697 fugiunt
1912 1624 1987 1681 ab
2015 1636 2091 1682 eo
2109 1653 2124 1668 ·

766 1715 930 1780 ³⁰†Et
947 1716 1094 1774 dixit
1112 1717 1227 1774 ihs·
1272 1717 1333 1775 in
1352 1717 1471 1775 iudi
1524 1717 1661 1793 quia
1689 1727 1794 1773 non
1820 1723 2149 1792 agnoscunt

768 1811 862 1870 cio
891 1827 1006 1887 ego
1034 1812 1167 1870 ueni
1196 1811 1257 1870 in
1292 1811 1449 1871 hunc
1521 1828 1736 1870 uocem
1765 1812 2024 1870 extranei
2044 1841 2057 1855 ·
2084 1843 2098 1856 ·

768 1905 1054 1964 mundum
1138 1915 1203 1963 ut
1231 1907 1332 1982 qui
1523 1906 1546 1939 ⁸
1565 1904 1700 1964 Hoc
1728 1906 2105 1982 prouerbium

768 2016 892 2058 non
922 1999 1123 2060 uident
1152 2000 1289 2059 uide
1524 1999 1666 2058 dixit
1695 1999 1803 2057 illis
1831 1999 1921 2058 ihs
1944 2031 1958 2045 ·
2021 1999 2100 2057 illi

767 2103 870 2152 ant
889 2124 903 2140 ·
964 2104 1023 2154 et
1049 2094 1150 2170 qui
1179 2092 1382 2152 uident
1522 2103 1718 2152 autem
1747 2110 1869 2152 non
1899 2110 2098 2169 cogno

766 2189 928 2247 caeci
958 2188 1098 2246 fiant
1121 2219 1136 2235 ·
1178 2187 1316 2246 ⁴⁰Et
1344 2205 1419 2247 au
1520 2198 1728 2245 uerunt
1756 2204 1903 2264 quae
1931 2196 2123 2246 essent

768 2282 997 2341 dierunt
1025 2299 1099 2342 ex
1131 2282 1352 2341 fatiscis
1520 2300 1634 2359 que
1663 2280 1892 2357 locutus
1918 2292 2004 2341 est
2031 2282 2115 2339 eis

769 2413 917 2475 haec
941 2445 954 2461 ·
1006 2415 1105 2491 qui
1135 2429 1271 2474 cum
1300 2414 1432 2492 ipso
1521 2413 1545 2445 ⁷
1562 2412 1725 2472 Dixit
1753 2428 1896 2491 ergo
1923 2415 2006 2474 eis
2035 2414 2182 2474 iterii

767 2520 931 2567 erant
961 2519 1018 2567 et
1046 2509 1320 2568 dixerunt
1523 2508 1612 2565 ihs
1631 2537 1647 2554 ·
1706 2524 1879 2567 amen
1907 2526 2079 2568 amen

768 2604 861 2662 ei·
921 2604 1205 2681 numquid
1232 2614 1291 2662 et
1318 2621 1431 2663 nos
1524 2602 1659 2661 dico
1688 2603 1860 2662 uobis
1940 2605 2078 2680 quia
2106 2622 2224 2681 ego

770 2697 931 2756 caeci
960 2715 1163 2756 sumus
1185 2728 1201 2744 ·
1244 2697 1287 2731 ⁴¹
1307 2698 1472 2757 Dixit
1523 2714 1653 2754 sum
1681 2697 1855 2755 ianua
1882 2700 2085 2756 ouium
2108 2730 2123 2744 ·

772 2792 857 2850 eis
886 2791 977 2849 ihs
1003 2792 1055 2850 si
1084 2793 1242 2850 caeci
1273 2794 1475 2851 essetis
1523 2790 1544 2823 ⁸
1561 2807 1769 2848 omnes
1797 2792 2120 2867 quodquod

772 2902 897 2943 non
927 2885 1213 2943 haberetis
1241 2903 1351 2962 pec
1523 2894 1811 2942 uenerunt
1838 2884 1992 2944 sures

772 2990 969 3037 catum
992 3009 1006 3023 ·
1072 2995 1229 3037 nunc
1260 2983 1394 3036 aute
1527 2989 1660 3034 sunt
1688 2987 1746 3035 et
1774 2977 2029 3038 latrones
2049 3011 2063 3026 ·

776 3072 964 3130 dicitis
992 3072 1128 3146 quia
1155 3072 1424 3131 uidemus
1529 3070 1631 3129 sed
1661 3089 1783 3129 non
1814 3074 2119 3133 audierunt

773 3175 1078 3243 peccatum
1107 3171 1300 3225 uestrt‘i
1528 3182 1633 3222 eos
1661 3182 1806 3225 oues
1825 3198 1840 3212 ·
1883 3168 1903 3199 ⁹
1921 3167 2054 3243 Ego
2077 3173 2145 3226 sfi

817 3286 899 3314 „e-
939 3270 1139 3319 manet
1180 3285 1264 3313 υ·
1529 3259 1735 3317 ianua·
1786 3279 1890 3336 per
1908 3279 2003 3320 me
2025 3263 2072 3319 si
2095 3264 2227 3340 quis

717 3359 749 3394 ¹⁸¹
772 3361 872 3415 10.
903 3353 1119 3412 ¹Amen
1152 3372 1324 3413 amen
1343 3353 1479 3413 dico
1528 3353 1806 3412 introierit
1834 3355 2057 3414 saluabi

712 3456 743 3490 *
775 3449 946 3507 uobis
1032 3449 1133 3525 qui
1161 3466 1283 3508 non
1314 3450 1375 3507 in
1529 3458 1621 3505 tur
1644 3477 1659 3492 ·
1724 3458 1780 3505 et
1808 3448 2065 3508 introibit

715 3552 747 3587 ¹⁸·
774 3553 886 3601 trat
914 3560 1020 3619 per
1048 3544 1286 3601 ianuam
1527 3551 1583 3599 et
1612 3542 1765 3599 exiet
1792 3552 1848 3601 et
1877 3560 2099 3618 pascua

719 3643 748 3678 *
774 3638 835 3695 in
863 3636 1108 3696 cohorte
1137 3639 1340 3696 ouium
1528 3635 1782 3693 inueniet
1807 3666 1821 3681 ·
1867 3634 1911 3667 ¹⁰
1934 3637 2049 3696 Fur
2078 3655 2198 3697 non

717 3741 748 3775 *
775 3730 881 3789 sed
909 3731 1172 3790 ascendit
1200 3731 1359 3790 aliun
1527 3730 1721 3787 ueniet
1750 3730 1863 3789 nisi
1889 3740 1953 3788 ut
1982 3730 2105 3790 sure

721 3839 750 3874 t
778 3824 853 3883 de
935 3824 1030 3883 ille
1059 3824 1151 3882 fur
1179 3836 1268 3884 est
1296 3836 1354 3883 et
1382 3825 1437 3884 la
1529 3833 1618 3881 tur
1649 3832 1705 3881 et
1734 3823 1969 3883 occidat
1996 3834 2053 3883 et
2080 3843 2188 3902 per

775 3928 866 3978 tro
888 3948 905 3964 ·
964 3916 1101 3995 'qui
1132 3929 1327 3977 autem
1355 3921 1416 3977 in
1529 3917 1632 3975 dat
1655 3948 1670 3964 ·
1731 3917 1866 3994 Ego
1892 3920 2028 3977 ueni
2055 3930 2118 3978 ut
2147 3920 2206 3978 ui

775 4022 889 4070 trat
917 4031 1020 4088 per
1046 4014 1284 4071 ianuam
1530 4021 1650 4070 tam
1681 4010 1937 4071 habeant
1965 4024 2021 4072 et
2050 4012 2128 4071 ha

776 4106 871 4165 hic
903 4117 1102 4182 pastor
1120 4118 1206 4165 est
1225 4109 1412 4166 ouiu‘
1434 4137 1449 4154 ·
1529 4106 1883 4166 bundantius
1910 4107 2062 4166 habe

777 4201 798 4232 ³
818 4200 951 4259 huic
981 4203 1245 4262 ostiarius
1273 4203 1456 4280 aperit
1530 4211 1633 4260 ant
1648 4232 1689 4246 ··
1710 4199 1870 4277 ¹¹ego
1886 4217 2015 4260 sum
2033 4210 2233 4279 pastor
