4414 4917
812 329 897 397 74
2173 294 2414 358 SECD
2438 260 2479 343 ζ
3567 302 3634 368 [1.
3672 312 3852 367 34-70·

3134 465 3234 542 qui
3263 472 3508 523 uocatur
3535 460 3650 520 hoc
3902 470 4028 519 1⁸01.
4055 469 4150 517 86.

3133 559 3375 618 nomine
3399 589 3412 604 ·
3457 554 3707 615 ⁶²1nnue

2382 471 2670 548 superbos
2698 476 2893 526 mente

2384 565 2579 624 cordis
2607 565 2869 639 ipsorum

503 496 627 547 rol.
662 496 756 546 85.
1567 480 1646 541 Et
1674 478 1896 555 repleta
1922 487 2010 536 est
2038 480 2149 550 spu

1570 578 1674 635 sco
1698 571 1979 632 elisabeth
2004 603 2018 616 ·
2060 569 2193 627 ⁴²Et

814 490 891 553 ad
921 487 1193 566 angelum
1217 517 1232 533 ·
1298 501 1417 564 quo

816 584 998 647 modo
1029 583 1135 643 erit
1161 582 1277 640 hoc
1305 610 1319 626 ·

817 679 980 761 quod
1007 677 1199 736 uirum
1227 690 1350 734 non

817 774 960 835 noui
984 804 999 819 ·
1026 772 1071 805 ⁸⁵
1092 771 1170 829 Et
1197 778 1400 845 respon

822 869 969 928 dens
996 865 1240 942 angelus
1271 861 1416 922 dixit

821 963 901 1023 illi
924 994 938 1009 ·
998 964 1101 1037 sps
1130 965 1224 1018 scs
1254 965 1420 1032 super

823 1056 1021 1116 ueniet
1047 1055 1109 1112 in
1137 1064 1193 1112 te
1263 1051 1342 1110 Et

824 1152 1005 1210 uirtus
1033 1146 1298 1208 altissimi

827 1242 1183 1305 inumbrabit
1218 1239 1357 1298 tibi·

829 1339 1093 1415 Ideoque
1122 1345 1178 1394 et
1206 1332 1368 1411 quod

830 1441 1100 1491 nascetur
1129 1435 1255 1488 scm

830 1525 1133 1587 uocabitur
1161 1522 1311 1581 filius

832 1622 893 1681 di
911 1652 924 1666 ·
969 1618 1104 1676 “Et
1131 1635 1269 1676 ecce
1296 1613 1482 1673 belisa

836 1713 978 1775 beth
1006 1719 1261 1788 cognata
1288 1721 1388 1766 tua

838 1818 898 1869 et
925 1809 1053 1884 ipsa
1081 1803 1356 1880 concepit

840 1903 1023 1963 filium
1051 1902 1111 1958 in
1140 1915 1316 1960 senec

840 2008 961 2057 tute
990 2014 1096 2055 sua
1120 2026 1133 2041 ·
1198 2004 1255 2051 et
1282 1991 1376 2049 hic

840 2091 1059 2151 mensis
1088 2098 1177 2147 est
1206 2095 1404 2146 sextus
1426 2114 1439 2129 ·

841 2185 922 2244 illi
951 2184 1049 2261 qui
1077 2191 1321 2242 uocatur

842 2278 1066 2339 sterelis
1090 2308 1104 2323 ·
1147 2276 1192 2307 ³⁷
1210 2274 1348 2350 quia

840 2428 970 2470 non
998 2418 1085 2468 est
1111 2403 1452 2483 inpossibile

843 2505 922 2564 do
951 2521 1127 2564 omne
1155 2499 1399 2558 uerbum
1429 2528 1443 2542 ·

843 2597 887 2632 ⁸⁸
906 2596 1067 2655 Dixit
1096 2603 1275 2653 autem
1304 2590 1488 2650 maria

843 2709 986 2752 ecce
1015 2688 1228 2749 ancilla
1256 2686 1354 2744 dfii
1385 2699 1503 2742 con

841 2786 1029 2861 tingat
1056 2781 1197 2841 mihi
1228 2777 1530 2838 secundu-

843 2879 1091 2939 uerbum
1118 2886 1281 2936 tuum
1306 2904 1319 2919 ·
1383 2881 1442 2930 et

848 2971 1104 3031 disee⁸sit
1133 2969 1208 3026 ab
1237 2966 1331 3024 illa
1359 2984 1434 3023 an
1456 2979 1552 3030 fine

815 3065 1053 3142 †gelus·
1103 3067 1138 3125 †
1159 3061 1553 3136 ”Exsurgens

850 3170 1046 3220 autem
1075 3156 1257 3215 maria
1284 3155 1345 3212 in
1375 3154 1469 3213 die

849 3256 962 3313 bus
990 3252 1099 3310 illis
1128 3250 1264 3310 abiit
1293 3250 1353 3307 in

850 3357 1135 3405 montana
1163 3361 1299 3403 cum
1328 3342 1458 3401 festi

850 3441 1088 3500 natione
1115 3440 1175 3496 in
1205 3437 1433 3496 ciuitate

848 3534 1056 3595 iudeae
1081 3565 1094 3579 ·
1138 3530 1185 3565 ⁴⁰
1201 3542 1258 3591 et
1292 3530 1526 3590 intrauit

849 3629 911 3687 in
941 3627 1185 3686 domurn
1216 3625 1515 3685 zachariae

851 3732 910 3782 et
939 3720 1206 3780 salutauit
1234 3717 1512 3778 elisabeth
1535 3750 1551 3764 ·

854 3813 899 3852 ⁴¹
917 3825 974 3874 et
1002 3815 1219 3873 factum
1248 3823 1337 3871 est
1363 3822 1427 3871 ut
1456 3830 1533 3873 au

854 3910 997 3970 diuit
1027 3908 1371 3967 salutatione

857 4004 1073 4066 mariae
1101 4000 1420 4061 helisabeth
1439 4032 1453 4047 ·

856 4097 1134 4159 exultauit
1159 4095 1350 4154 infans

860 4192 921 4252 in
951 4202 1116 4251 utero
1143 4191 1267 4251 eius

1574 666 1918 729 exclamauit
1945 683 2093 725 uoce

1574 780 1794 839 magna
1823 770 1880 819 et
1909 759 2051 818 dixit
2077 788 2090 803 ·

1576 856 1898 916 Benedicta
1929 864 1991 913 tu
2020 852 2169 910 inter

1577 951 1845 1010 mulieres
1866 980 1879 994 ·
1937 947 2014 1005 Et
2042 947 2115 1004 be

1580 1046 1843 1104 nedictus
1873 1042 2092 1100 fructus

1581 1139 1799 1200 uentris
1828 1136 1910 1195 tui
1928 1168 1941 1181 ·
1984 1134 2028 1168 ⁴³
2046 1134 2123 1192 Et
2150 1150 2234 1189 un

1581 1234 1656 1294 de
1683 1232 1798 1292 hoc
1826 1230 1969 1316 mihi
2038 1236 2101 1286 ut
2128 1244 2202 1283 ue

1583 1328 1705 1388 niat
1732 1336 1918 1385 mater
1948 1324 2047 1383 dr'ti
2077 1320 2194 1379 mei

1585 1422 1661 1481 ad
1687 1439 1782 1480 me
1846 1421 1890 1453 ¹⁴
1906 1419 2067 1476 Ecce
2098 1414 2247 1473 eni-

1584 1526 1648 1576 ut
1675 1516 1826 1574 facta
1854 1523 1940 1572 est
1969 1529 2090 1570 uox
2119 1526 2185 1568 sa

1587 1609 1880 1670 lutationis
1909 1618 2007 1665 tue
2037 1606 2096 1662 in

1589 1706 1821 1765 auribus
1848 1703 1995 1761 meis
2020 1733 2033 1746 ·
2092 1720 2166 1760 ex

1587 1799 1790 1857 ultauit
1818 1797 1879 1854 in
1906 1794 2120 1872 gaudio

1593 1892 1785 1951 infans
1814 1891 1873 1948 in
1902 1901 2066 1949 utero
2096 1906 2233 1946 meo
2255 1918 2268 1931 ·

1593 1990 1704 2046 ⁴·''et
1732 1988 1902 2044 beata
1931 2003 2082 2061 quae
2111 1980 2277 2041 credi

1595 2082 1724 2142 disti
1749 2113 1762 2127 ·
1827 2086 1970 2157 qiim
1999 2079 2144 2155 perfi

1597 2177 1819 2236 cientur
1846 2193 1915 2234 ea
1942 2194 2092 2252 quae
2122 2175 2215 2235 dic

1598 2280 1656 2328 ta
1685 2279 1818 2328 sunt
1846 2270 1948 2327 tibi
1976 2288 2012 2327 a
2034 2268 2153 2329 dr'io

1598 2401 1642 2434 ⁴⁶
1657 2399 1733 2458 Et
1761 2399 1902 2458 dixit
1930 2400 2111 2458 maria
2140 2418 2281 2478 mag

1598 2495 1794 2553 nificat
1824 2494 2016 2553 anima
2044 2513 2178 2554 mea

1600 2589 1743 2648 dnm
1783 2589 1829 2622 ⁴⁷
1847 2598 1904 2647 et
1933 2589 2206 2647 exultauit

1599 2689 1701 2759 sps
1730 2701 1894 2742 meus
1923 2684 1982 2741 in
2012 2684 2090 2742 do
2120 2702 2187 2742 sa

1597 2777 1763 2836 lutari
1791 2795 1926 2836 meo
1951 2809 1964 2823 ·
2010 2777 2052 2810 ⁴⁸
2070 2778 2207 2853 quia

1599 2871 1851 2948 respexit
1880 2871 2140 2930 humilita

1601 2976 1719 3023 tem
1748 2964 1986 3023 ancillae
2016 2982 2155 3023 suae
2181 2996 2194 3010 ·

1599 3058 1756 3118 Ecce
1779 3059 1935 3117 enim
1958 3077 2032 3117 ex
2054 3059 2165 3118 hoc
2190 3059 2302 3117 bea

1601 3161 1721 3210 tam
1750 3170 1845 3210 me
1877 3153 2069 3211 dicent
2099 3172 2199 3212 om

1602 3265 1707 3305 nes
1735 3247 2143 3323 generationes
2163 3278 2177 3293 ·

1600 3341 1645 3375 ⁴⁰
1657 3339 1811 3413 Quia
1833 3339 1965 3399 fecit
1983 3341 2124 3399 mihi
2143 3360 2283 3417 mag

1602 3453 1677 3493 na
1707 3435 1806 3512 qui
1834 3446 2043 3511 potens

1602 3538 1726 3588 est·
1791 3538 1847 3589 et
1876 3536 2000 3588 sc'm
2031 3549 2251 3590 nomen

1601 3622 1727 3682 eius
1751 3654 1765 3668 ·
1810 3624 1854 3656 ⁶⁰
1871 3634 1929 3682 et
1958 3625 2150 3684 miseri

1603 3718 1803 3777 cordia
1831 3719 1953 3777 eius
1981 3719 2039 3775 in
2069 3737 2176 3795 pro

1604 3813 1837 3890 geniem
1867 3821 1925 3870 et
1958 3831 2142 3890 proge

1605 3908 1761 3965 niem
1790 3906 2124 3966 timentibus

1607 4019 1743 4059 eum
1765 4031 1778 4046 ·
1820 3999 1863 4032 ⁶¹
1883 4000 2016 4058 fecit
2043 4020 2123 4078 po

1606 4095 1844 4152 tentiam
1873 4094 1931 4151 in
1961 4095 2198 4156 brachio

1608 4206 1716 4249 suo
1736 4221 1749 4235 ·
1801 4188 2090 4267 Disparsit

2384 657 2430 693 ⁸²
2448 658 2741 735 Deposuit
2768 664 3039 733 potentes
3136 655 3280 712 bant
3308 662 3504 711 autem
3531 660 3589 708 et
3618 647 3767 726 patri

2385 753 2459 812 de
2489 752 2630 811 sede
2701 760 2758 810 et
2789 750 2981 809 exalta

2386 848 2470 906 uit
2496 845 2741 904 humiles
2764 877 2777 890 ·
2821 844 2864 877 ⁶³
2884 861 2989 902 esu

2386 941 2600 1000 tientes
2628 937 2889 1015 impleuit

2389 1035 2560 1093 bonis
2581 1065 2595 1080 ·
2656 1044 2713 1092 et
2743 1034 2952 1091 diuites

2392 1128 2608 1188 dimisit
2637 1128 2843 1186 inanes
2868 1157 2882 1171 ·

2392 1223 2436 1256 ⁸⁴
2456 1221 2718 1298 Suscepit
2747 1221 2817 1278 isl
2846 1224 3029 1297 puert'l

2393 1334 2565 1376 suum
2589 1347 2602 1361 ·
2663 1332 2929 1373 memora

2393 1411 2440 1469 ri
2462 1409 2894 1469 misericordiae

2394 1505 2439 1537 ⁶⁶
2456 1505 2607 1564 sicut
2628 1504 2857 1562 locutus
2887 1511 2979 1561 est

2396 1598 2471 1658 ad
2500 1607 2692 1674 patres
2722 1607 2949 1655 nostrOS

2397 1691 2676 1751 abraham
2706 1701 2763 1749 et
2793 1691 2940 1749 semi

2399 1787 2458 1844 ni
2488 1786 2611 1845 eius
2640 1787 2699 1843 in
2729 1784 2923 1844 secula
2943 1814 2958 1831 ·

2399 1880 2442 1913 ⁶⁶
2461 1879 2679 1938 Mansit
2708 1890 2904 1937 autern
2934 1896 3033 1936 ma

2400 1975 2485 2032 ria
2513 1992 2648 2032 curn
2679 1972 2774 2030 illa
2803 1990 2942 2031 men

2402 2068 2560 2127 sibus
2588 2067 2770 2124 tribus
2839 2075 2899 2125 et

2401 2178 2632 2221 reuersa
2661 2170 2748 2220 est
2777 2161 2837 2217 in
2868 2159 2947 2218 do

2402 2272 2503 2312 mo
2533 2272 2637 2312 sua
2657 2285 2670 2299 ·
2713 2250 2758 2286 ⁵⁷
2774 2250 3076 2311 Elisabeth

2404 2395 2599 2444 autem
2628 2383 2898 2461 impletus
2928 2394 3034 2443 est·

2403 2489 2635 2555 tempus
2665 2479 2932 2554 pariendi

2403 2583 2461 2632 et
2489 2573 2715 2649 peperit
2744 2572 2924 2630 filium
2947 2603 2960 2618 ·

2404 2667 2447 2699 ⁸⁸
2465 2675 2523 2725 et
2551 2666 2854 2724 audierunt
2882 2665 3060 2724 uicini

2405 2769 2463 2818 et
2492 2760 2726 2836 cognati
2755 2760 2878 2818 eius
2903 2791 2916 2804 ·
2972 2759 3109 2836 quia

2405 2852 2798 2929 magnificauit
2827 2854 2938 2911 dfis

2406 2947 2800 3005 misericordia
2831 2965 2937 3005 sua

2408 3058 2544 3099 cum
2574 3059 2644 3099 ea
2663 3071 2676 3085 ·
2738 3050 2795 3099 et
2823 3050 3107 3116 congratu

2407 3134 2675 3192 labantur
2701 3134 2756 3192 ei
2780 3165 2793 3179 ·
2838 3134 2883 3166 ⁶⁹
2908 3134 2984 3192 Et
3017 3135 3105 3194 fac

2406 3237 2530 3285 tum
2561 3237 2648 3285 est
2676 3228 2736 3284 in
2765 3228 2858 3286 die
2895 3238 3107 3287 octauo

2405 3330 2469 3379 ut
2497 3322 2763 3379 uenirent
2790 3332 2847 3380 et
2875 3323 2958 3381 cir

2408 3414 2800 3473 cumciderent
2832 3434 2946 3491 pue

2405 3527 2534 3566 rum
2555 3540 2568 3554 ·
2613 3519 2669 3567 et
2697 3519 3056 3568 uocauerunt

2408 3620 2542 3662 eum
2571 3602 2633 3659 in
2664 3603 2904 3661 nomine
2934 3621 3011 3679 pa

2405 3696 2507 3754 tris
2535 3696 2660 3754 eius
2689 3696 3008 3755 zacharia*
3029 3727 3044 3743 ·

2407 3788 2451 3823 ⁶⁰
2469 3789 2545 3846 Et
2573 3790 2942 3864 respondens
2970 3808 3069 3848 ma

2409 3893 2496 3941 ter
2524 3883 2645 3940 eius
2675 3883 2817 3940 dixit
2840 3914 2853 3929 ·
2899 3901 3020 3942 non
3045 3915 3058 3930 ·

2410 3980 2512 4039 sed
2522 3980 3112 4041 uocabituriohannes
3126 4015 3139 4029 ·

2410 4079 2450 4112 ⁶¹
2471 4089 2528 4137 et
2547 4079 2814 4138 dixerunt
2834 4079 2908 4138 ad
2930 4080 3075 4139 illa-
3097 4112 3111 4127 ·

2410 4190 2588 4232 nemo
2616 4183 2704 4233 est
2732 4173 2792 4234 in
2822 4174 3056 4250 cognati

2915 4285 2990 4327 ne
3017 4277 3117 4328 tua

3138 748 3263 807 eius
3292 763 3468 823 quem
3497 744 3671 804 uellet

3139 841 3338 900 uocari
3357 858 3491 898 eum
3511 870 3526 886 ·
3568 838 3611 871 ⁶⁸
3628 847 3685 897 et
3706 853 3849 898 acce

3144 937 3227 1013 pit
3254 934 3596 1012 pugillarem
3626 942 3683 992 et

3146 1030 3374 1106 scripsit
3401 1030 3602 1088 dicens
3622 1059 3635 1073 ·
3698 1027 3756 1085 io

3147 1125 3374 1184 hannes
3402 1133 3490 1182 est
3518 1139 3738 1181 nomen

3149 1219 3272 1278 eius
3332 1226 3390 1276 et
3416 1216 3603 1275 mirati
3633 1225 3768 1273 sunt

3148 1330 3359 1373 omnes
3390 1344 3402 1357 ·
3427 1344 3440 1358 ·
3471 1312 3516 1344 ⁶⁴
3534 1313 3759 1387 Apertt‘l

3151 1419 3237 1466 est
3266 1407 3460 1466 statim
3488 1423 3558 1464 os
3589 1405 3712 1463 eius

3151 1511 3208 1562 et
3236 1502 3436 1577 lingua
3492 1508 3549 1558 et
3575 1498 3751 1574 loque

3150 1597 3319 1654 batur
3347 1593 3703 1652 benedicens

3153 1690 3255 1749 dm
3276 1720 3290 1734 ·
3334 1689 3377 1721 ⁶⁵
3394 1697 3450 1747 et
3479 1687 3664 1745 factus
3692 1694 3780 1745 est

3154 1784 3328 1842 timor
3355 1800 3530 1858 super
3558 1799 3658 1839 om

3154 1895 3259 1936 nes
3287 1877 3514 1935 uicinos
3543 1880 3686 1934 eoru
3708 1906 3722 1920 ·

3153 1982 3210 2031 et
3239 1988 3414 2047 super
3443 1969 3640 2027 omnia
3668 1980 3803 2027 mon

3152 2075 3290 2122 tana
3316 2064 3520 2122 iudeae
3550 2062 3712 2121 diuul

3153 2160 3442 2234 gabantur
3471 2157 3616 2215 haec

3154 2252 3355 2311 omnia
3382 2251 3562 2309 uerba
3586 2280 3602 2296 ·

3156 2385 3198 2417 ⁶⁸
3215 2384 3290 2442 Et
3319 2392 3640 2461 posuerunt
3668 2399 3772 2441 om

3159 2497 3264 2538 nes
3292 2479 3391 2555 qui
3420 2478 3720 2536 audierant

3157 2574 3220 2631 in
3250 2573 3425 2633 corde
3454 2590 3561 2631 suo
3591 2572 3760 2630 dicen

3158 2678 3245 2727 tes
3328 2667 3468 2743 quid
3495 2668 3693 2742 utique
3789 2667 3796 2673 '

3159 2761 3263 2820 erit
3292 2779 3437 2837 puer
3464 2761 3569 2818 iste
3597 2770 3655 2818 et

3160 2856 3316 2915 enim
3345 2872 3554 2912 manus
3583 2854 3683 2912 dfii

3159 2968 3294 3009 curn
3324 2949 3423 3007 illo
3444 2954 3478 3011 †
3521 2949 3564 2982 ⁶⁷
3582 2959 3639 3007 et
3669 2965 3738 3005 za

3206 3041 3302 3091 fine
3325 3040 3475 3091 lectio
3499 3041 3569 3090 5δί
3592 3040 3802 3089 iohanni

3158 3134 3384 3193 charias
3414 3146 3577 3210 pater
3603 3135 3728 3192 eius

3159 3228 3430 3305 impletus
3459 3237 3545 3285 est
3573 3232 3685 3303 spu

3161 3329 3264 3380 seo
3292 3331 3347 3379 et
3376 3321 3698 3398 profetabat

3160 3417 3363 3475 dicens
3394 3447 3408 3461 ·
3453 3417 3493 3447 ⁶⁸
3514 3414 3776 3474 Benedic

3160 3521 3253 3569 tus
3283 3511 3392 3569 dfis
3422 3509 3490 3567 ds
3518 3509 3588 3567 isi
3611 3541 3624 3555 ·
3648 3509 3787 3586 quia

3159 3605 3410 3662 uisitauit
3440 3614 3495 3662 et
3525 3602 3657 3662 fecit

3161 3699 3580 3757 redemtionem
3609 3697 3704 3774 ple

3160 3794 3252 3852 bis
3283 3811 3420 3850 suae
3445 3824 3457 3838 ·
3520 3792 3564 3824 ⁶⁹
3583 3801 3639 3850 et
3666 3790 3846 3850 erexit

3162 3906 3408 3947 cornum
3441 3886 3638 3944 salutis
3672 3903 3752 3943 no

3163 3983 3249 4040 bis
3319 3982 3380 4039 in
3408 3981 3590 4040 domo
3619 3979 3799 4039 dauid

3163 4077 3328 4155 pueri
3358 4076 3445 4134 sui
3470 4100 3482 4113 ·
3545 4073 3590 4107 ⁷⁰
3609 4075 3759 4133 sieut

3165 4172 3394 4230 locutus
3429 4179 3516 4226 est
3546 4187 3651 4244 per
3677 4186 3748 4227 os

3167 4273 3402 4326 scorum
3430 4262 3724 4343 profetart't
