4414 4917
799 302 886 369 26

529 476 878 539 1⁸01.5o.0b
907 493 1082 536 causa
1114 474 1339 535 fornica

796 571 1010 630 tionis·
1053 580 1110 629 et
1138 570 1310 628 aliam

795 663 1021 723 duxerit
1044 662 1296 723 moecha.

794 768 887 817 tur
906 789 921 805 ·
964 768 1023 817 et
1051 758 1352 818 dimissam

795 852 893 928 qui
923 851 1148 913 duxerit
1174 869 1309 911 moe

795 945 1036 1005 ebatur·
1096 942 1139 977 ¹⁰
1157 944 1358 1003 dicunt

792 1038 845 1097 ei
873 1037 1134 1115 discipuli
1161 1037 1284 1097 eius
1307 1068 1321 1082 ·

793 1131 854 1191 Si
882 1133 960 1191 ita
988 1144 1077 1192 est
1109 1149 1288 1191 causa
1307 1161 1323 1176 ·

789 1228 894 1285 uiri
923 1245 1061 1286 cum
1090 1235 1260 1286 ¹¹¹ore
1290 1243 1412 1285 non

789 1319 1024 1397 expedit
1051 1322 1269 1378 nubere
1289 1350 1304 1365 ·

790 1411 832 1446 ¹¹
851 1416 932 1472 At
960 1414 1053 1473 ille
1083 1414 1226 1472 dixit
1253 1413 1337 1472 eis
1356 1442 1372 1460 ·

792 1526 915 1567 non
944 1525 1154 1566 omnes
1181 1507 1314 1583 capi

790 1612 897 1661 unt
923 1602 1167 1660 uerbum
1201 1602 1251 1659 is

791 1694 893 1755 tud
973 1696 1076 1754 sed
1105 1695 1314 1772 quibus

788 1799 1058 1867 paratum
1093 1799 1179 1848 est
1199 1820 1214 1836 ·

788 1882 833 1914 ¹²
844 1884 991 1942 Sunt
1018 1884 1176 1943 enim
1203 1881 1457 1942 eunuchi
1477 1913 1491 1929 ·

789 1978 889 2054 qui
918 1978 990 2035 de
1017 1986 1183 2036 utero
1210 1994 1309 2034 ma

789 2072 890 2131 tris
918 2072 1034 2129 nati
1065 2080 1200 2129 sunt
1227 2072 1309 2130 sic
1331 2101 1345 2117 ·

790 2164 867 2224 Et
896 2175 1033 2225 sunt
1059 2163 1310 2223 eunuchi

788 2259 888 2335 qui
916 2258 1051 2317 facti
1079 2269 1214 2317 sunt
1234 2258 1309 2317 ab

788 2390 1124 2449 hominibus
1145 2421 1159 2436 ·
1203 2388 1280 2449 Et
1311 2399 1445 2449 sunt

789 2485 1040 2545 eunuchi
1069 2485 1167 2561 qui
1201 2503 1263 2544 se
1290 2486 1350 2561 ip

786 2596 885 2638 sos
917 2578 1217 2639 eunuchos
1244 2579 1299 2637 fe

785 2684 989 2733 cerunt
1059 2681 1294 2751 propter

783 2785 1030 2844 regnum
1058 2768 1351 2826 caelorum
1372 2797 1386 2813 ·

783 2862 885 2937 qui
913 2870 1101 2937 potest
1129 2878 1338 2938 capere

785 2955 974 3030 capiat
999 2983 1013 2998 ·
1079 2953 1122 2987 ¹³
1142 2954 1315 3012 Tunc

785 3048 964 3107 oblati
994 3057 1127 3106 sunt
1155 3048 1206 3107 ei
1235 3065 1350 3125 pue

786 3142 833 3198 ri
861 3153 925 3200 ut
955 3159 1164 3200 manus
1192 3141 1275 3200 eis
1304 3141 1365 3199 in

783 3245 1027 3312 poneret
1059 3245 1117 3293 et
1144 3245 1370 3295 oraret·

784 3328 1073 3405 Discipuli
1102 3339 1299 3388 autem

781 3423 1130 3500 proibebant
1158 3441 1261 3482 eos
1280 3454 1295 3470 ·

784 3515 829 3548 ¹⁴
846 3517 947 3575 Ihs
976 3527 1171 3576 autem
1200 3519 1280 3576 ait
1302 3550 1315 3565 ·
1379 3518 1490 3578 sini

784 3622 842 3670 te
871 3628 1083 3688 pueros
1111 3621 1169 3670 et
1197 3612 1319 3670 noli

783 3706 1045 3782 proibere
1074 3723 1177 3764 eos
1204 3706 1341 3764 ueni

784 3817 845 3858 re
875 3799 951 3858 ad
979 3816 1075 3858 me
1095 3828 1109 3844 ·
1151 3799 1349 3858 talium

786 3893 945 3951 enim
973 3902 1060 3952 est
1087 3910 1339 3968 regnum

785 3986 1080 4045 caelorum
1101 4017 1115 4032 ·
1172 3985 1215 4018 ²⁶
1232 3996 1289 4045 et
1317 3987 1459 4065 inpo

783 4080 906 4139 sitis
932 4079 1042 4138 illis
1069 4097 1279 4140 manus

784 4172 923 4232 abiit
949 4173 1085 4233 inde
1108 4205 1121 4221 ·

2086 302 2260 364 SEC
2269 286 2562 365 UNDU·

1540 564 1655 626 'niis
1680 567 1892 626 accesit
1920 567 1997 626 ad
2023 586 2158 626 eum
2178 599 2192 615 ·

1543 672 1602 721 et
1629 662 1706 720 ait
1736 661 1814 720 illi
1899 663 2088 739 magis

1545 766 1631 814 ter
1660 757 1853 814 bonae
1878 786 1893 802 ·
1945 756 2086 833 quid

1545 850 1684 908 boni
1712 848 1922 908 faciam
1952 860 2015 908 ut
2043 849 2122 909 ha.

1545 944 1719 1003 beam
1748 943 1931 1002 uitam
1960 955 2120 1003 aeter

1544 1055 1684 1096 nam
1709 1068 1723 1083 ·
1785 1035 1830 1071 ¹⁷
1848 1038 1927 1096 At
1952 1037 2041 1097 ille
2070 1038 2168 1098 dix

1545 1131 1588 1189 it
1615 1131 1667 1190 ei
1696 1130 1834 1207 quid
1866 1150 1959 1190 me
1990 1131 2134 1190 dicis

1545 1226 1770 1284 bonum
1853 1243 2030 1284 nemo
2059 1226 2140 1284 bo

1546 1336 1657 1377 nus
1686 1318 1795 1378 nisi
1822 1336 1975 1377 unus
2002 1318 2073 1378 ds
2092 1350 2106 1366 ·

1547 1412 1610 1472 Si
1637 1423 1832 1472 autem
1860 1414 1947 1471 uis
1974 1414 2127 1472 intro

1545 1507 1626 1564 ire
1647 1506 1708 1563 in
1736 1507 1918 1565 uitam
1990 1526 2084 1566 ser

1544 1617 1621 1658 ua
1649 1600 1927 1659 mandata
1948 1632 1961 1647 ·
2005 1600 2049 1633 ¹⁸
2070 1600 2207 1660 dicit

1542 1693 1621 1752 illi
1650 1712 1800 1770 quae
1863 1693 1963 1753 Ihs
1992 1700 2125 1753 aute

1543 1787 1686 1846 dixit
1707 1820 1720 1835 ·
1806 1806 1929 1847 non
1957 1789 2085 1848 occi

1542 1880 1682 1939 des·
1726 1898 1851 1940 non
1880 1883 2076 1941 adulte

1543 1976 1732 2035 rabis·
1776 1994 1897 2036 non
1927 1976 2105 2035 facies

1544 2068 1757 2127 furtum
1781 2099 1795 2114 ·
1839 2087 1962 2128 non
1990 2069 2066 2128 sal

1545 2182 1674 2222 sum
1703 2163 2031 2222 testimoniu

1543 2257 1703 2316 dices
1726 2289 1741 2304 ·
1797 2256 1841 2290 ¹⁹
1864 2257 2114 2318 Honora

1541 2399 1769 2467 patrem
1798 2400 1855 2448 et
1883 2400 2137 2448 matre-‘-

1541 2495 1601 2544 et
1630 2483 1832 2560 diliges
1861 2485 2179 2560 proximu-

1542 2589 1708 2638 tuum
1735 2579 1883 2637 sicut
1910 2588 1965 2637 te

1540 2673 1734 2749 ipsum
1757 2704 1771 2718 ·
1835 2672 1881 2707 ²⁰
1903 2671 2062 2730 Dicit
2082 2671 2159 2729 illi

1541 2766 1886 2825 adulescens
1906 2796 1920 2812 ·
1963 2785 2063 2825 om

1541 2860 1638 2918 nia
1665 2859 1810 2919 haec
1842 2858 2127 2918 custodiui

1541 2970 1577 3011 a
1606 2953 1899 3011 iuuentute
1929 2970 2061 3011 mea
2084 2984 2099 2999 ·

1542 3046 1683 3123 quid
1712 3046 1903 3105 adhuc
1933 3045 2074 3104 mihi

1542 3140 1703 3200 deest
1722 3171 1736 3187 ·
1800 3139 1843 3176 ²¹
1863 3141 1962 3198 Ait
1990 3140 2065 3198 illi
2093 3140 2182 3201 ihs

1542 3236 1589 3294 si
1615 3235 1704 3293 uis
1731 3234 2019 3311 perfectus

1540 3346 1667 3388 esse
1688 3360 1701 3374 ·
1747 3328 1899 3386 uade
1926 3347 2044 3387 uen

1540 3422 1615 3481 de
1643 3422 1843 3482 omnia
1874 3431 1972 3480 tua
2041 3431 2101 3480 et

1539 3516 1615 3575 da
1642 3516 1995 3593 pauperibus
2019 3547 2033 3562 ·

1538 3620 1595 3670 et
1623 3610 1863 3668 habebis
1892 3608 2063 3669 thens

1538 3723 1743 3763 aurum
1773 3704 1834 3762 in
1863 3704 2028 3764 caelo
2047 3735 2061 3751 ·

1538 3809 1597 3857 et
1625 3798 1759 3857 ueni
1788 3816 2029 3874 sequere
2056 3816 2153 3856 me
2170 3829 2186 3844 ·

1538 3889 1583 3926 ²²
1601 3891 1753 3951 Cum
1782 3891 2035 3950 audisset
2063 3896 2194 3951 aute

1538 3986 1882 4044 adulescens
1909 4003 2013 4044 uer

1539 4082 1680 4139 bum
1704 4111 1718 4126 ·
1763 4079 1901 4137 abiit
1928 4079 2100 4139 tristis

1538 4183 1662 4234 erat
1685 4173 1842 4233 enim
1868 4171 2094 4234 habens

2359 586 2503 627 ones
2523 599 2537 613 ·
2581 565 2624 599 ’Β
2644 567 2744 626 Ihs
2772 571 2905 626 aute

2358 661 2503 719 dixit
2531 660 2822 737 discipulis

2357 755 2475 814 suis
2499 786 2513 801 ·
2557 754 2751 813 Amen
2783 753 2843 813 di

2355 867 2429 908 co
2458 849 2626 907 uobis
2654 848 2811 924 quod

2354 942 2582 1002 difficile
2610 942 2772 1001 diues

2351 1035 2586 1094 intrabit
2612 1036 2674 1095 in
2707 1054 2812 1112 reg

2353 1146 2495 1186 num
2523 1128 2815 1189 caelorum
2837 1159 2852 1175 ·

2351 1220 2395 1254 ⁹⁴
2414 1223 2632 1281 Iterum
2663 1222 2795 1283 dico
2821 1241 2901 1283 uo

2352 1317 2442 1375 bis
2465 1348 2479 1363 ·
2530 1317 2784 1376 Facilius
2811 1328 2900 1376 est

2352 1411 2642 1470 camelum
2712 1429 2814 1488 per

2351 1504 2618 1563 foramen
2648 1523 2794 1581 agus

2352 1600 2590 1658 transire
2620 1617 2798 1676 quam

2353 1694 2591 1752 diuitem
2621 1694 2836 1753 intrare

2351 1787 2411 1845 in
2442 1805 2692 1863 regnum
2730 1786 2891 1846 caelo

2350 1899 2479 1940 rum
2504 1912 2518 1927 ·
2578 1878 2622 1913 ²¹⁵
2641 1880 2892 1939 Audtitis

2351 1986 2545 2034 autem
2575 1975 2662 2033 his
2690 1974 2836 2033 disci

2352 2068 2500 2144 pulis
2527 2069 2791 2127 miraban

2353 2171 2441 2220 tur
2470 2162 2639 2220 nimis
2668 2163 2835 2220 dicen

2351 2265 2438 2317 tes
2462 2287 2476 2303 ·
2520 2257 2650 2334 quis
2677 2275 2821 2332 ergo

2350 2398 2543 2467 potest
2570 2388 2776 2447 saluari
2800 2419 2813 2434 ·

3360 312 3529 378 [xix.
3548 317 3739 395 9-xx.
3765 330 3815 380 4.

3109 472 3365 534 hominis
3392 475 3452 532 in
3481 474 3619 534 sede

3110 569 3424 626 maiestatis
3453 587 3591 628 suae
3614 600 3630 616 ·

3112 659 3380 720 Sedibitis
3401 671 3459 721 et
3478 681 3587 722 uos

3111 771 3284 830 super
3311 754 3552 815 thronos

3110 846 3422 907 duodecim
3489 848 3608 907 iudi

3110 951 3311 1000 cantes
3338 942 3648 1001 duodecim

3107 1035 3287 1094 tribus
3316 1036 3387 1095 isi
3405 1066 3419 1083 ·
3483 1035 3621 1096 2⁹Et
3651 1056 3752 1097 om

3106 1129 3198 1188 nis
3225 1131 3322 1207 qui
3351 1130 3565 1208 relique

3104 1224 3172 1281 rit
3201 1224 3412 1284 domos
3477 1225 3569 1285 uel

3106 1316 3306 1377 fratres
3325 1349 3340 1364 ·
3383 1318 3475 1377 uel
3507 1336 3643 1379 soro

3108 1429 3200 1469 res
3219 1443 3233 1457 ·
3278 1421 3378 1469 aut
3406 1422 3629 1489 patrem

3108 1517 3207 1563 aut
3235 1517 3479 1565 matrem
3503 1536 3518 1552 ·
3548 1517 3646 1565 aut

3107 1609 3335 1657 u¹0rem
3357 1631 3371 1645 ·
3415 1611 3516 1659 aut
3544 1600 3691 1660 filios
3710 1631 3725 1647 ·

3108 1705 3208 1752 aut
3237 1712 3411 1769 agros
3440 1713 3590 1770 prop

3107 1796 3192 1847 ter
3222 1806 3439 1847 nomen
3470 1805 3668 1847 meum
3692 1820 3707 1835 ·

3107 1881 3442 1958 centuplum
3471 1883 3658 1959 accipi

3105 1987 3162 2035 et
3183 2007 3197 2023 ·
3243 1986 3300 2035 et
3327 1978 3507 2034 uitam
3536 1986 3695 2036 aeter

3105 2087 3244 2127 nam
3273 2070 3589 2146 possidebit
3610 2102 3626 2116 ·

3104 2161 3149 2194 ⁸⁰
3174 2163 3343 2221 Multi
3369 2174 3562 2222 autern
3591 2176 3758 2223 erunt

3102 2256 3273 2333 primi
3303 2257 3601 2316 nouissimi

3100 2399 3158 2448 et
3180 2389 3480 2449 nouissimi
3498 2390 3668 2468 primi
3687 2421 3702 2437 ·
3723 2414 3805 2443 ψ

2349 2482 2392 2517 ²⁸
2409 2484 2661 2559 Aspiens
2690 2492 2886 2541 autem
2913 2482 3002 2543 ihs
3033 2509 3551 2537 mmmmm
3594 2512 3677 2540 -es

2348 2578 2491 2636 dixit
2519 2578 2627 2635 illis
2647 2608 2661 2624 ·
2706 2577 2863 2654 apud

2347 2670 2614 2731 homines
2641 2671 2879 2748 quidem

2344 2764 2457 2824 hoc
2486 2765 2824 2842 inpossibile

2343 2870 2431 2918 est
2451 2890 2464 2904 ·
2508 2858 2665 2935 apud
2694 2858 2795 2916 dm
2824 2878 2901 2919 au

2344 2963 2460 3012 tem
2488 2952 2688 3013 omnia
2715 2953 2872 3028 possi

2341 3047 2475 3106 bilia
2505 3057 2639 3105 sunt
2658 3079 2672 3093 ·
2700 3080 2711 3093 ·
2757 3044 2802 3079 ²⁷
2820 3047 2995 3106 Tunc

2341 3141 2703 3217 respondens
2731 3159 2806 3217 pe

2341 3244 2464 3293 trus
2493 3234 2637 3293 dixit
2666 3235 2719 3292 ei
2743 3265 2757 3280 ·
2800 3253 2943 3295 ecce

2342 3345 2452 3387 nos
2481 3327 2813 3403 reliquimus

2340 3422 2539 3482 omnia
2569 3433 2627 3481 et
2656 3423 2839 3481 secuti

2341 3534 2541 3575 sumus
2572 3526 2625 3575 te
2699 3515 2842 3592 quid

2340 3628 2481 3686 ergo
2510 3611 2616 3669 erit
2643 3611 2813 3670 nobis
2837 3642 2852 3657 ·

2341 3705 2385 3739 ²⁸
2404 3705 2505 3763 Ihs
2533 3716 2730 3764 autem
2762 3705 2905 3765 dixit
2933 3705 2971 3765 il

2340 3799 2410 3857 lis
2434 3830 2448 3844 ·
2508 3817 2683 3858 amen
2713 3799 2844 3858 dico

2341 3894 2510 3951 uobis
2582 3892 2743 3971 quod
2772 3911 2882 3952 uos

2342 3987 2440 4063 qui
2470 3988 2650 4046 secuti
2677 3987 2815 4046 estis
2843 4004 2939 4044 me
2959 4018 2973 4034 ·

2342 4080 2415 4139 In
2442 4081 2876 4157 regeneratione

2343 4193 2480 4234 cum
2509 4175 2715 4236 sederit
2745 4174 2896 4233 filius

3051 2575 3084 2612 *
3103 2583 3206 2637 20.
3251 2578 3269 2611 ¹
3290 2578 3487 2637 Simile
3515 2590 3603 2638 est
3631 2580 3786 2638 enim

3051 2669 3081 2703 *
3101 2691 3347 2749 regnum
3377 2674 3674 2732 caelorum
3697 2705 3711 2721 ·

3046 2766 3080 2804 *
3101 2766 3321 2825 homini
3351 2766 3559 2842 patrifa

3047 2861 3081 2899 *
3102 2861 3290 2920 milias
3314 2891 3328 2906 ·
3374 2862 3473 2938 qui
3502 2862 3640 2921 exiit

3044 2955 3078 2993 *
3097 2956 3286 3031 primo
3316 2973 3489 3015 mane

3097 3049 3427 3108 conducere
3457 3069 3638 3127 opera

3096 3143 3213 3201 rios
3242 3143 3302 3200 in
3329 3143 3563 3202 uinearn
3592 3162 3660 3203 su

3096 3255 3193 3296 am
3214 3268 3227 3282 ·
3269 3235 3292 3267 ²
3309 3237 3585 3296 conuenit
3615 3230 3690 3296 au

3097 3341 3215 3389 tem
3246 3348 3381 3389 cum
3411 3332 3639 3407 operari

3096 3424 3145 3482 is
3174 3442 3250 3483 ex
3278 3422 3519 3484 denario

3096 3516 3308 3577 diurnu
3336 3529 3394 3577 et
3421 3519 3577 3577 misit

3095 3628 3199 3670 eos
3228 3612 3286 3669 in
3314 3612 3553 3672 uineam
3583 3624 3755 3672 sua--

3095 3705 3115 3737 ³
3134 3704 3208 3762 Et
3236 3724 3505 3783 egressus
3532 3707 3687 3767 circa

3095 3799 3317 3858 tertiam
3347 3799 3552 3859 horam
3571 3832 3585 3846 ·

3094 3893 3238 3951 uidit
3265 3893 3410 3952 alios
3439 3903 3660 3953 stantes

3094 3986 3155 4043 in
3183 3985 3311 4046 soro
3339 3987 3559 4047 otiosos
3581 4020 3595 4034 ·

3094 4080 3116 4113 ⁴
3133 4079 3211 4139 Et
3238 4081 3344 4139 illis
3372 4081 3515 4140 dixit
3598 4083 3674 4142 ite
3700 4094 3760 4144 et

3095 4192 3204 4234 uos
3232 4175 3292 4234 in
3321 4175 3555 4236 uineam
3574 4207 3589 4225 ·

3838 484 3964 541 3¹01.
3989 487 4075 537 51.
