<?xml version="1.0" encoding="UTF-8"?>
<!DOCTYPE html PUBLIC "-//W3C//DTD XHTML 1.0 Transitional//EN"
    "http://www.w3.org/TR/xhtml1/DTD/xhtml1-transitional.dtd">
<html xmlns="http://www.w3.org/1999/xhtml" xml:lang="en" lang="en">
 <head>
  <title>
</title>
<meta http-equiv="Content-Type" content="text/html;charset=utf-8" />
  <meta name='ocr-system' content='tesseract 3.04.00' />
  <meta name='ocr-capabilities' content='ocr_page ocr_carea ocr_par ocr_line ocrx_word'/>
</head>
<body>
  <div class='ocr_page' id='page_1' title='image "./oldlatinbiblica00wordgoog_0187.png"; bbox 0 0 4414 4917; ppageno 0'>
   <div class='ocr_carea' id='block_1_1' title="bbox 650 348 1047 417">
    <p class='ocr_par' dir='ltr' id='par_1_1' title="bbox 650 348 1047 417">
     <span class='ocr_line' id='line_1_1' title="bbox 650 348 1047 417; baseline 0.01 -17"><span class='ocrx_word' id='word_1_1' title='bbox 650 353 716 404; x_wconf 81' lang='lat' dir='ltr'>x.</span> <span class='ocrx_word' id='word_1_2' title='bbox 742 353 947 417; x_wconf 81' lang='lat' dir='ltr'>35-xl.</span> <span class='ocrx_word' id='word_1_3' title='bbox 970 348 1047 416; x_wconf 87' lang='lat'>9.]</span> 
     </span>
    </p>
   </div>
   <div class='ocr_carea' id='block_1_2' title="bbox 319 516 1277 2453">
    <p class='ocr_par' dir='ltr' id='par_1_2' title="bbox 319 516 1277 2453">
     <span class='ocr_line' id='line_1_2' title="bbox 319 516 1071 577; baseline 0 -2"><span class='ocrx_word' id='word_1_4' title='bbox 319 526 458 577; x_wconf 73' lang='lat' dir='ltr'>ror.</span> <span class='ocrx_word' id='word_1_5' title='bbox 478 527 599 575; x_wconf 62' lang='lat'>184.</span> <span class='ocrx_word' id='word_1_6' title='bbox 646 525 735 577; x_wconf 89' lang='lat' dir='ltr'>ter</span> <span class='ocrx_word' id='word_1_7' title='bbox 795 516 1071 577; x_wconf 86' lang='lat' dir='ltr'>uolumus</span> 
     </span>
     <span class='ocr_line' id='line_1_3' title="bbox 645 619 1121 688; baseline -0.002 -19"><span class='ocrx_word' id='word_1_8' title='bbox 645 619 707 670; x_wconf 93' lang='lat' dir='ltr'>ut</span> <span class='ocrx_word' id='word_1_9' title='bbox 734 627 1121 688; x_wconf 79' lang='lat' dir='ltr'>quocumque.</span> 
     </span>
     <span class='ocr_line' id='line_1_4' title="bbox 645 705 981 782; baseline 0 -19"><span class='ocrx_word' id='word_1_10' title='bbox 645 705 981 782; x_wconf 88' lang='lat' dir='ltr'>petierimus</span> 
     </span>
     <span class='ocr_line' id='line_1_5' title="bbox 644 798 1103 875; baseline 0 -19"><span class='ocrx_word' id='word_1_11' title='bbox 644 808 864 875; x_wconf 86' lang='lat' dir='ltr'>prestes</span> <span class='ocrx_word' id='word_1_12' title='bbox 890 798 1065 857; x_wconf 90' lang='lat' dir='ltr'>nobis</span> <span class='ocrx_word' id='word_1_13' title='bbox 1085 828 1103 844; x_wconf 89' lang='lat'><strong>·</strong></span> 
     </span>
     <span class='ocr_line' id='line_1_6' title="bbox 642 890 1274 951; baseline 0.002 -1"><span class='ocrx_word' id='word_1_14' title='bbox 642 892 783 950; x_wconf 75' lang='lat' dir='ltr'>”At</span> <span class='ocrx_word' id='word_1_15' title='bbox 812 892 905 951; x_wconf 91' lang='lat' dir='ltr'>ille</span> <span class='ocrx_word' id='word_1_16' title='bbox 934 891 1078 951; x_wconf 81' lang='lat' dir='ltr'><strong>dixit</strong></span> <span class='ocrx_word' id='word_1_17' title='bbox 1106 890 1274 951; x_wconf 82' lang='lat' dir='ltr'>eis·-</span> 
     </span>
     <span class='ocr_line' id='line_1_7' title="bbox 643 985 1069 1063; baseline 0 -18"><span class='ocrx_word' id='word_1_18' title='bbox 643 986 782 1063; x_wconf 91' lang='lat' dir='ltr'>quid</span> <span class='ocrx_word' id='word_1_19' title='bbox 810 986 983 1046; x_wconf 88' lang='lat' dir='ltr'>uultis</span> <span class='ocrx_word' id='word_1_20' title='bbox 1011 985 1069 1045; x_wconf 87' lang='lat' dir='ltr'>fa</span> 
     </span>
     <span class='ocr_line' id='line_1_8' title="bbox 644 1080 1029 1140; baseline -0.005 -1"><span class='ocrx_word' id='word_1_21' title='bbox 644 1081 796 1140; x_wconf 89' lang='lat' dir='ltr'>ciam</span> <span class='ocrx_word' id='word_1_22' title='bbox 824 1080 995 1139; x_wconf 85' lang='lat' dir='ltr'>uobis</span> <span class='ocrx_word' id='word_1_23' title='bbox 1013 1110 1029 1126; x_wconf 93' lang='lat'><strong>·</strong></span> 
     </span>
     <span class='ocr_line' id='line_1_9' title="bbox 641 1174 1100 1250; baseline -0.004 -18"><span class='ocrx_word' id='word_1_24' title='bbox 641 1174 686 1207; x_wconf 82' lang='lat'>⁸⁷</span> <span class='ocrx_word' id='word_1_25' title='bbox 701 1174 802 1250; x_wconf 90' lang='lat' dir='ltr'>qui</span> <span class='ocrx_word' id='word_1_26' title='bbox 829 1174 1100 1233; x_wconf 86' lang='lat' dir='ltr'>dixerunt</span> 
     </span>
     <span class='ocr_line' id='line_1_10' title="bbox 645 1268 1151 1328; baseline -0.002 -1"><span class='ocrx_word' id='word_1_27' title='bbox 645 1268 721 1328; x_wconf 92' lang='lat' dir='ltr'>da</span> <span class='ocrx_word' id='word_1_28' title='bbox 749 1268 924 1327; x_wconf 87' lang='lat' dir='ltr'>nobis</span> <span class='ocrx_word' id='word_1_29' title='bbox 942 1299 958 1315; x_wconf 93' lang='lat'><strong>·</strong></span> <span class='ocrx_word' id='word_1_30' title='bbox 1020 1277 1084 1326; x_wconf 87' lang='lat' dir='ltr'>ut</span> <span class='ocrx_word' id='word_1_31' title='bbox 1112 1284 1151 1326; x_wconf 94' lang='lat' dir='ltr'>u</span> 
     </span>
     <span class='ocr_line' id='line_1_11' title="bbox 640 1361 1083 1421; baseline -0.002 0"><span class='ocrx_word' id='word_1_32' title='bbox 640 1380 752 1421; x_wconf 90' lang='lat' dir='ltr'>nus</span> <span class='ocrx_word' id='word_1_33' title='bbox 779 1361 854 1421; x_wconf 94' lang='lat' dir='ltr'>ad</span> <span class='ocrx_word' id='word_1_34' title='bbox 883 1361 1083 1420; x_wconf 73' lang='lat' dir='ltr'>dextra</span> 
     </span>
     <span class='ocr_line' id='line_1_12' title="bbox 641 1454 1079 1516; baseline -0.005 0"><span class='ocrx_word' id='word_1_35' title='bbox 641 1466 799 1516; x_wconf 89' lang='lat' dir='ltr'>tuam</span> <span class='ocrx_word' id='word_1_36' title='bbox 857 1464 915 1514; x_wconf 91' lang='lat' dir='ltr'>et</span> <span class='ocrx_word' id='word_1_37' title='bbox 934 1454 1079 1515; x_wconf 89' lang='lat' dir='ltr'>alius</span> 
     </span>
     <span class='ocr_line' id='line_1_13' title="bbox 640 1550 1041 1610; baseline -0.005 -1"><span class='ocrx_word' id='word_1_38' title='bbox 640 1550 716 1610; x_wconf 92' lang='lat' dir='ltr'>ad</span> <span class='ocrx_word' id='word_1_39' title='bbox 739 1550 1041 1609; x_wconf 79' lang='lat' dir='ltr'>sini-tram-</span> 
     </span>
     <span class='ocr_line' id='line_1_14' title="bbox 641 1642 1038 1702; baseline -0.003 0"><span class='ocrx_word' id='word_1_40' title='bbox 641 1643 947 1702; x_wconf 85' lang='lat' dir='ltr'>sedeamus</span> <span class='ocrx_word' id='word_1_41' title='bbox 976 1642 1038 1701; x_wconf 90' lang='lat' dir='ltr'>in</span> 
     </span>
     <span class='ocr_line' id='line_1_15' title="bbox 639 1735 1277 1814; baseline -0.002 -18"><span class='ocrx_word' id='word_1_42' title='bbox 639 1737 821 1814; x_wconf 88' lang='lat' dir='ltr'>gloria</span> <span class='ocrx_word' id='word_1_43' title='bbox 847 1747 948 1795; x_wconf 88' lang='lat' dir='ltr'>tua</span> <span class='ocrx_word' id='word_1_44' title='bbox 978 1768 992 1783; x_wconf 95' lang='lat'><strong>·</strong></span> <span class='ocrx_word' id='word_1_45' title='bbox 1036 1735 1079 1770; x_wconf 78' lang='lat'>⁸⁰</span> <span class='ocrx_word' id='word_1_46' title='bbox 1097 1735 1176 1795; x_wconf 91' lang='lat' dir='ltr'>At</span> <span class='ocrx_word' id='word_1_47' title='bbox 1267 1785 1277 1795; x_wconf 88' lang='lat'><strong>.</strong></span> 
     </span>
     <span class='ocr_line' id='line_1_16' title="bbox 642 1828 1117 1907; baseline -0.006 -16"><span class='ocrx_word' id='word_1_48' title='bbox 642 1831 730 1891; x_wconf 80' lang='lat' dir='ltr'>ihs</span> <span class='ocrx_word' id='word_1_49' title='bbox 755 1828 1117 1907; x_wconf 90' lang='lat' dir='ltr'>respondens</span> 
     </span>
     <span class='ocr_line' id='line_1_17' title="bbox 639 1924 1073 1983; baseline 0.002 -1"><span class='ocrx_word' id='word_1_50' title='bbox 639 1924 785 1983; x_wconf 84' lang='lat' dir='ltr'><strong>dixit</strong></span> <span class='ocrx_word' id='word_1_51' title='bbox 810 1924 919 1983; x_wconf 86' lang='lat' dir='ltr'>illis</span> <span class='ocrx_word' id='word_1_52' title='bbox 937 1954 952 1970; x_wconf 90' lang='lat'><strong>·</strong></span> <span class='ocrx_word' id='word_1_53' title='bbox 997 1940 1073 1983; x_wconf 89' lang='lat' dir='ltr'>ne</span> 
     </span>
     <span class='ocr_line' id='line_1_18' title="bbox 639 2016 1070 2094; baseline -0.002 -17"><span class='ocrx_word' id='word_1_54' title='bbox 639 2018 795 2077; x_wconf 86' lang='lat' dir='ltr'>scitis</span> <span class='ocrx_word' id='word_1_55' title='bbox 822 2016 964 2094; x_wconf 92' lang='lat' dir='ltr'>quid</span> <span class='ocrx_word' id='word_1_56' title='bbox 993 2034 1070 2094; x_wconf 89' lang='lat' dir='ltr'>pe</span> 
     </span>
     <span class='ocr_line' id='line_1_19' title="bbox 639 2109 1120 2171; baseline -0.002 -1"><span class='ocrx_word' id='word_1_57' title='bbox 639 2112 771 2171; x_wconf 89' lang='lat' dir='ltr'>tatis</span> <span class='ocrx_word' id='word_1_58' title='bbox 794 2142 808 2157; x_wconf 93' lang='lat'><strong>·</strong></span> <span class='ocrx_word' id='word_1_59' title='bbox 873 2109 1120 2169; x_wconf 83' lang='lat' dir='ltr'>Potestis</span> 
     </span>
     <span class='ocr_line' id='line_1_20' title="bbox 638 2204 1094 2266; baseline -0.007 -1"><span class='ocrx_word' id='word_1_60' title='bbox 638 2206 833 2266; x_wconf 90' lang='lat' dir='ltr'>bibere</span> <span class='ocrx_word' id='word_1_61' title='bbox 863 2204 1094 2264; x_wconf 64' lang='lat' dir='ltr'>calice·-</span> 
     </span>
     <span class='ocr_line' id='line_1_21' title="bbox 638 2298 1090 2377; baseline -0.002 -20"><span class='ocrx_word' id='word_1_62' title='bbox 638 2317 815 2377; x_wconf 91' lang='lat' dir='ltr'>quem</span> <span class='ocrx_word' id='word_1_63' title='bbox 835 2317 949 2376; x_wconf 85' lang='lat' dir='ltr'>ego</span> <span class='ocrx_word' id='word_1_64' title='bbox 970 2298 1090 2357; x_wconf 88' lang='lat' dir='ltr'>bibi</span> 
     </span>
     <span class='ocr_line' id='line_1_22' title="bbox 637 2404 987 2453; baseline -0.003 0"><span class='ocrx_word' id='word_1_65' title='bbox 637 2404 796 2453; x_wconf 88' lang='lat' dir='ltr'>turus</span> <span class='ocrx_word' id='word_1_66' title='bbox 823 2411 954 2452; x_wconf 85' lang='lat' dir='ltr'>sum</span> <span class='ocrx_word' id='word_1_67' title='bbox 973 2424 987 2439; x_wconf 95' lang='lat'><strong>·</strong></span> 
     </span>
    </p>
   </div>
   <div class='ocr_carea' id='block_1_3' title="bbox 1975 341 2332 404">
    <p class='ocr_par' dir='ltr' id='par_1_3' title="bbox 1975 341 2332 404">
     <span class='ocr_line' id='line_1_23' title="bbox 1975 341 2332 404; baseline 0.006 -2"><span class='ocrx_word' id='word_1_68' title='bbox 1975 341 2246 404; x_wconf 78' lang='lat' dir='ltr'><em>MARC</em></span> <span class='ocrx_word' id='word_1_69' title='bbox 2269 378 2284 393; x_wconf 91' lang='lat'><strong>·</strong></span> <span class='ocrx_word' id='word_1_70' title='bbox 2318 374 2332 389; x_wconf 91' lang='lat'><strong>·</strong></span> 
     </span>
    </p>
   </div>
   <div class='ocr_carea' id='block_1_4' title="bbox 1399 516 1923 671">
    <p class='ocr_par' dir='ltr' id='par_1_4' title="bbox 1399 516 1923 671">
     <span class='ocr_line' id='line_1_24' title="bbox 1400 516 1902 578; baseline 0 -3"><span class='ocrx_word' id='word_1_71' title='bbox 1400 516 1521 575; x_wconf 91' lang='lat' dir='ltr'>nati</span> <span class='ocrx_word' id='word_1_72' title='bbox 1550 526 1687 577; x_wconf 91' lang='lat' dir='ltr'>sunt</span> <span class='ocrx_word' id='word_1_73' title='bbox 1743 516 1817 578; x_wconf 89' lang='lat' dir='ltr'>de</span> <span class='ocrx_word' id='word_1_74' title='bbox 1845 517 1902 576; x_wconf 88' lang='lat' dir='ltr'>ia</span> 
     </span>
     <span class='ocr_line' id='line_1_25' title="bbox 1399 610 1923 671; baseline -0.002 0"><span class='ocrx_word' id='word_1_75' title='bbox 1399 611 1553 671; x_wconf 88' lang='lat' dir='ltr'>eobo</span> <span class='ocrx_word' id='word_1_76' title='bbox 1581 620 1639 670; x_wconf 92' lang='lat' dir='ltr'>et</span> <span class='ocrx_word' id='word_1_77' title='bbox 1666 610 1923 671; x_wconf 88' lang='lat' dir='ltr'>iohanne</span> 
     </span>
    </p>
   </div>
   <div class='ocr_carea' id='block_1_5' title="bbox 1398 703 2019 765">
    <p class='ocr_par' dir='ltr' id='par_1_5' title="bbox 1398 703 2019 765">
     <span class='ocr_line' id='line_1_26' title="bbox 1398 703 2019 765; baseline 0.005 -3"><span class='ocrx_word' id='word_1_78' title='bbox 1398 703 1444 738; x_wconf 77' lang='lat'>⁴²</span> <span class='ocrx_word' id='word_1_79' title='bbox 1465 704 1566 763; x_wconf 86' lang='lat' dir='ltr'>Ihs</span> <span class='ocrx_word' id='word_1_80' title='bbox 1594 714 1792 764; x_wconf 89' lang='lat' dir='ltr'>autem</span> <span class='ocrx_word' id='word_1_81' title='bbox 1819 722 2019 765; x_wconf 87' lang='lat' dir='ltr'>conuo</span> 
     </span>
    </p>
   </div>
   <div class='ocr_carea' id='block_1_6' title="bbox 1391 797 1937 1606">
    <p class='ocr_par' dir='ltr' id='par_1_6' title="bbox 1391 797 1937 1606">
     <span class='ocr_line' id='line_1_27' title="bbox 1397 797 1876 858; baseline 0 -1"><span class='ocrx_word' id='word_1_82' title='bbox 1397 798 1541 858; x_wconf 88' lang='lat' dir='ltr'>catis</span> <span class='ocrx_word' id='word_1_83' title='bbox 1569 797 1675 856; x_wconf 92' lang='lat' dir='ltr'>illis</span> <span class='ocrx_word' id='word_1_84' title='bbox 1739 798 1876 857; x_wconf 91' lang='lat' dir='ltr'>dicit</span> 
     </span>
     <span class='ocr_line' id='line_1_28' title="bbox 1396 890 1937 969; baseline 0.002 -19"><span class='ocrx_word' id='word_1_85' title='bbox 1396 891 1480 951; x_wconf 90' lang='lat' dir='ltr'>eis</span> <span class='ocrx_word' id='word_1_86' title='bbox 1500 923 1514 938; x_wconf 92' lang='lat'><strong>·</strong></span> <span class='ocrx_word' id='word_1_87' title='bbox 1577 890 1748 951; x_wconf 88' lang='lat' dir='ltr'>Scitis</span> <span class='ocrx_word' id='word_1_88' title='bbox 1776 891 1937 969; x_wconf 93' lang='lat' dir='ltr'>quod</span> 
     </span>
     <span class='ocr_line' id='line_1_29' title="bbox 1395 985 1879 1063; baseline 0.002 -19"><span class='ocrx_word' id='word_1_89' title='bbox 1395 985 1455 1044; x_wconf 88' lang='lat' dir='ltr'>hi</span> <span class='ocrx_word' id='word_1_90' title='bbox 1485 986 1583 1063; x_wconf 89' lang='lat' dir='ltr'>qui</span> <span class='ocrx_word' id='word_1_91' title='bbox 1610 985 1879 1045; x_wconf 88' lang='lat' dir='ltr'>uidentur</span> 
     </span>
     <span class='ocr_line' id='line_1_30' title="bbox 1395 1080 1853 1157; baseline 0 -20"><span class='ocrx_word' id='word_1_92' title='bbox 1395 1080 1706 1157; x_wconf 87' lang='lat' dir='ltr'>principari</span> <span class='ocrx_word' id='word_1_93' title='bbox 1736 1098 1853 1157; x_wconf 87' lang='lat' dir='ltr'>gen</span> 
     </span>
     <span class='ocr_line' id='line_1_31' title="bbox 1396 1172 1895 1233; baseline 0.004 -2"><span class='ocrx_word' id='word_1_94' title='bbox 1396 1174 1549 1233; x_wconf 89' lang='lat' dir='ltr'>tibus</span> <span class='ocrx_word' id='word_1_95' title='bbox 1612 1172 1895 1233; x_wconf 90' lang='lat' dir='ltr'>dominan</span> 
     </span>
     <span class='ocr_line' id='line_1_32' title="bbox 1395 1265 1893 1326; baseline 0.002 -1"><span class='ocrx_word' id='word_1_96' title='bbox 1395 1276 1487 1325; x_wconf 91' lang='lat' dir='ltr'>tur</span> <span class='ocrx_word' id='word_1_97' title='bbox 1513 1284 1717 1325; x_wconf 89' lang='lat' dir='ltr'>eorum</span> <span class='ocrx_word' id='word_1_98' title='bbox 1740 1297 1755 1313; x_wconf 91' lang='lat'><strong>·</strong></span> <span class='ocrx_word' id='word_1_99' title='bbox 1814 1265 1893 1326; x_wconf 92' lang='lat' dir='ltr'>Et</span> 
     </span>
     <span class='ocr_line' id='line_1_33' title="bbox 1394 1359 1886 1420; baseline 0.002 -2"><span class='ocrx_word' id='word_1_100' title='bbox 1394 1359 1646 1420; x_wconf 91' lang='lat' dir='ltr'>maiores</span> <span class='ocrx_word' id='word_1_101' title='bbox 1672 1377 1886 1419; x_wconf 61' lang='lat' dir='ltr'>eorum»</span> 
     </span>
     <span class='ocr_line' id='line_1_34' title="bbox 1393 1453 1870 1530; baseline 0.002 -18"><span class='ocrx_word' id='word_1_102' title='bbox 1393 1463 1741 1530; x_wconf 88' lang='lat' dir='ltr'>potestatem</span> <span class='ocrx_word' id='word_1_103' title='bbox 1770 1453 1870 1513; x_wconf 93' lang='lat' dir='ltr'>illo</span> 
     </span>
     <span class='ocr_line' id='line_1_35' title="bbox 1391 1546 1809 1606; baseline 0 -1"><span class='ocrx_word' id='word_1_104' title='bbox 1391 1564 1522 1605; x_wconf 90' lang='lat' dir='ltr'>rum</span> <span class='ocrx_word' id='word_1_105' title='bbox 1549 1546 1771 1606; x_wconf 88' lang='lat' dir='ltr'>habent</span> <span class='ocrx_word' id='word_1_106' title='bbox 1793 1578 1809 1593; x_wconf 90' lang='lat'><strong>·</strong></span> 
     </span>
    </p>
   </div>
   <div class='ocr_carea' id='block_1_7' title="bbox 1389 1639 2033 1701">
    <p class='ocr_par' dir='ltr' id='par_1_7' title="bbox 1389 1639 2033 1701">
     <span class='ocr_line' id='line_1_36' title="bbox 1389 1639 2033 1701; baseline 0.003 -2"><span class='ocrx_word' id='word_1_107' title='bbox 1389 1639 1435 1673; x_wconf 79' lang='lat'>⁴⁸</span> <span class='ocrx_word' id='word_1_108' title='bbox 1454 1639 1597 1700; x_wconf 89' lang='lat' dir='ltr'>Non</span> <span class='ocrx_word' id='word_1_109' title='bbox 1624 1641 1705 1700; x_wconf 89' lang='lat' dir='ltr'>ita</span> <span class='ocrx_word' id='word_1_110' title='bbox 1732 1641 1840 1701; x_wconf 90' lang='lat' dir='ltr'>erit</span> <span class='ocrx_word' id='word_1_111' title='bbox 1866 1640 1925 1699; x_wconf 89' lang='lat' dir='ltr'>in</span> <span class='ocrx_word' id='word_1_112' title='bbox 1952 1658 2033 1701; x_wconf 94' lang='lat' dir='ltr'>uo</span> 
     </span>
    </p>
   </div>
   <div class='ocr_carea' id='block_1_8' title="bbox 1386 1734 1949 2469">
    <p class='ocr_par' dir='ltr' id='par_1_8' title="bbox 1390 1734 1849 1905">
     <span class='ocr_line' id='line_1_37' title="bbox 1391 1734 1822 1811; baseline 0 -18"><span class='ocrx_word' id='word_1_113' title='bbox 1391 1734 1479 1793; x_wconf 90' lang='lat' dir='ltr'>bis</span> <span class='ocrx_word' id='word_1_114' title='bbox 1498 1765 1512 1780; x_wconf 94' lang='lat'><strong>·</strong></span> <span class='ocrx_word' id='word_1_115' title='bbox 1577 1734 1693 1793; x_wconf 92' lang='lat' dir='ltr'>Sed</span> <span class='ocrx_word' id='word_1_116' title='bbox 1722 1734 1822 1811; x_wconf 92' lang='lat' dir='ltr'>qui</span> 
     </span>
     <span class='ocr_line' id='line_1_38' title="bbox 1390 1828 1849 1905; baseline 0 -18"><span class='ocrx_word' id='word_1_117' title='bbox 1390 1846 1644 1905; x_wconf 92' lang='lat' dir='ltr'>cumque</span> <span class='ocrx_word' id='word_1_118' title='bbox 1670 1828 1849 1888; x_wconf 88' lang='lat' dir='ltr'>uolue</span> 
     </span>
    </p>

    <p class='ocr_par' dir='ltr' id='par_1_9' title="bbox 1388 1922 1868 2169">
     <span class='ocr_line' id='line_1_39' title="bbox 1390 1922 1867 1982; baseline 0.002 -1"><span class='ocrx_word' id='word_1_119' title='bbox 1390 1923 1461 1981; x_wconf 89' lang='lat' dir='ltr'>rit</span> <span class='ocrx_word' id='word_1_120' title='bbox 1523 1922 1710 1982; x_wconf 90' lang='lat' dir='ltr'>maior</span> <span class='ocrx_word' id='word_1_121' title='bbox 1737 1940 1867 1982; x_wconf 90' lang='lat' dir='ltr'>esse</span> 
     </span>
     <span class='ocr_line' id='line_1_40' title="bbox 1389 2016 1817 2075; baseline 0.005 -2"><span class='ocrx_word' id='word_1_122' title='bbox 1389 2016 1450 2074; x_wconf 91' lang='lat' dir='ltr'>in</span> <span class='ocrx_word' id='word_1_123' title='bbox 1477 2016 1648 2075; x_wconf 91' lang='lat' dir='ltr'>uobis</span> <span class='ocrx_word' id='word_1_124' title='bbox 1710 2016 1817 2075; x_wconf 89' lang='lat' dir='ltr'>erit</span> 
     </span>
     <span class='ocr_line' id='line_1_41' title="bbox 1388 2110 1868 2169; baseline 0.004 -2"><span class='ocrx_word' id='word_1_125' title='bbox 1388 2119 1582 2169; x_wconf 90' lang='lat' dir='ltr'>uester</span> <span class='ocrx_word' id='word_1_126' title='bbox 1608 2110 1868 2169; x_wconf 87' lang='lat' dir='ltr'>minister</span> 
     </span>
    </p>

    <p class='ocr_par' dir='ltr' id='par_1_10' title="bbox 1386 2201 1949 2356">
     <span class='ocr_line' id='line_1_42' title="bbox 1387 2201 1949 2281; baseline 0.005 -21"><span class='ocrx_word' id='word_1_127' title='bbox 1387 2202 1432 2236; x_wconf 84' lang='lat'>⁴⁴</span> <span class='ocrx_word' id='word_1_128' title='bbox 1450 2201 1528 2261; x_wconf 89' lang='lat' dir='ltr'>Et</span> <span class='ocrx_word' id='word_1_129' title='bbox 1560 2204 1949 2281; x_wconf 78' lang='lat' dir='ltr'>quicumquae</span> 
     </span>
     <span class='ocr_line' id='line_1_43' title="bbox 1386 2297 1825 2356; baseline 0.002 -1"><span class='ocrx_word' id='word_1_130' title='bbox 1386 2297 1632 2356; x_wconf 91' lang='lat' dir='ltr'>uoluerit</span> <span class='ocrx_word' id='word_1_131' title='bbox 1658 2297 1718 2355; x_wconf 91' lang='lat' dir='ltr'>in</span> <span class='ocrx_word' id='word_1_132' title='bbox 1745 2313 1825 2356; x_wconf 94' lang='lat' dir='ltr'>uo</span> 
     </span>
    </p>

    <p class='ocr_par' dir='ltr' id='par_1_11' title="bbox 1386 2391 1883 2469">
     <span class='ocr_line' id='line_1_44' title="bbox 1386 2391 1883 2469; baseline 0 -18"><span class='ocrx_word' id='word_1_133' title='bbox 1386 2391 1474 2451; x_wconf 92' lang='lat' dir='ltr'>bis</span> <span class='ocrx_word' id='word_1_134' title='bbox 1503 2392 1727 2469; x_wconf 91' lang='lat' dir='ltr'>primus</span> <span class='ocrx_word' id='word_1_135' title='bbox 1754 2408 1883 2451; x_wconf 89' lang='lat' dir='ltr'>esse</span> 
     </span>
    </p>
   </div>
   <div class='ocr_carea' id='block_1_9' title="bbox 1386 2524 1908 2584">
    <p class='ocr_par' dir='ltr' id='par_1_12' title="bbox 1386 2524 1908 2584">
     <span class='ocr_line' id='line_1_45' title="bbox 1386 2524 1908 2584; baseline -0.002 0"><span class='ocrx_word' id='word_1_136' title='bbox 1386 2525 1494 2584; x_wconf 91' lang='lat' dir='ltr'>erit</span> <span class='ocrx_word' id='word_1_137' title='bbox 1519 2524 1785 2584; x_wconf 90' lang='lat' dir='ltr'>omnium</span> <span class='ocrx_word' id='word_1_138' title='bbox 1814 2541 1908 2583; x_wconf 88' lang='lat' dir='ltr'>ser·</span> 
     </span>
    </p>
   </div>
   <div class='ocr_carea' id='block_1_10' title="bbox 2206 517 2683 596">
    <p class='ocr_par' dir='ltr' id='par_1_13' title="bbox 2206 517 2683 596">
     <span class='ocr_line' id='line_1_46' title="bbox 2206 517 2683 596; baseline -0.004 -18"><span class='ocrx_word' id='word_1_139' title='bbox 2206 518 2400 596; x_wconf 90' lang='lat' dir='ltr'>coepit</span> <span class='ocrx_word' id='word_1_140' title='bbox 2428 517 2683 578; x_wconf 88' lang='lat' dir='ltr'>clamare</span> 
     </span>
    </p>
   </div>
   <div class='ocr_carea' id='block_1_11' title="bbox 2122 612 2686 766">
    <p class='ocr_par' dir='ltr' id='par_1_14' title="bbox 2122 612 2686 766">
     <span class='ocr_line' id='line_1_47' title="bbox 2122 612 2664 672; baseline -0.002 -1"><span class='ocrx_word' id='word_1_141' title='bbox 2122 648 2127 653; x_wconf 88' lang='lat'><strong>·</strong></span> <span class='ocrx_word' id='word_1_142' title='bbox 2205 621 2265 671; x_wconf 88' lang='lat' dir='ltr'>et</span> <span class='ocrx_word' id='word_1_143' title='bbox 2287 612 2481 672; x_wconf 85' lang='lat' dir='ltr'>dicere</span> <span class='ocrx_word' id='word_1_144' title='bbox 2504 644 2520 659; x_wconf 91' lang='lat'><strong>·</strong></span> <span class='ocrx_word' id='word_1_145' title='bbox 2579 612 2664 672; x_wconf 83' lang='lat' dir='ltr'>fiii</span> 
     </span>
     <span class='ocr_line' id='line_1_48' title="bbox 2122 706 2686 766; baseline 0.002 -1"><span class='ocrx_word' id='word_1_146' title='bbox 2122 713 2127 725; x_wconf 89' lang='lat'>&#39;</span> <span class='ocrx_word' id='word_1_147' title='bbox 2205 706 2381 765; x_wconf 89' lang='lat' dir='ltr'>dauid</span> <span class='ocrx_word' id='word_1_148' title='bbox 2409 706 2508 766; x_wconf 85' lang='lat' dir='ltr'>ihu</span> <span class='ocrx_word' id='word_1_149' title='bbox 2538 706 2686 766; x_wconf 84' lang='lat' dir='ltr'>mise</span> 
     </span>
    </p>
   </div>
   <div class='ocr_carea' id='block_1_12' title="bbox 2202 800 2765 861">
    <p class='ocr_par' dir='ltr' id='par_1_15' title="bbox 2202 800 2765 861">
     <span class='ocr_line' id='line_1_49' title="bbox 2202 800 2765 861; baseline 0 -2"><span class='ocrx_word' id='word_1_150' title='bbox 2202 818 2329 860; x_wconf 89' lang='lat' dir='ltr'>rere</span> <span class='ocrx_word' id='word_1_151' title='bbox 2363 801 2513 860; x_wconf 90' lang='lat' dir='ltr'>mei·</span> <span class='ocrx_word' id='word_1_152' title='bbox 2557 801 2677 861; x_wconf 66' lang='lat' dir='ltr'>⁴¹³et</span> <span class='ocrx_word' id='word_1_153' title='bbox 2704 800 2765 859; x_wconf 88' lang='lat' dir='ltr'>in</span> 
     </span>
    </p>
   </div>
   <div class='ocr_carea' id='block_1_13' title="bbox 2120 881 2683 970">
    <p class='ocr_par' dir='ltr' id='par_1_16' title="bbox 2120 881 2683 970">
     <span class='ocr_line' id='line_1_50' title="bbox 2120 881 2683 970; baseline 0.002 -18"><span class='ocrx_word' id='word_1_154' title='bbox 2120 881 2128 917; x_wconf 72' lang='lat'><strong><em>⁵</em></strong></span> <span class='ocrx_word' id='word_1_155' title='bbox 2203 895 2521 970; x_wconf 87' lang='lat' dir='ltr'>crepabant</span> <span class='ocrx_word' id='word_1_156' title='bbox 2548 912 2683 953; x_wconf 88' lang='lat' dir='ltr'>eum</span> 
     </span>
    </p>
   </div>
   <div class='ocr_carea' id='block_1_14' title="bbox 2192 987 2768 2264">
    <p class='ocr_par' dir='ltr' id='par_1_17' title="bbox 2199 987 2744 1252">
     <span class='ocr_line' id='line_1_51' title="bbox 2202 987 2701 1060; baseline 0.006 -16"><span class='ocrx_word' id='word_1_157' title='bbox 2202 987 2366 1046; x_wconf 92' lang='lat' dir='ltr'>multi</span> <span class='ocrx_word' id='word_1_158' title='bbox 2395 998 2458 1047; x_wconf 93' lang='lat' dir='ltr'>ut</span> <span class='ocrx_word' id='word_1_159' title='bbox 2485 997 2701 1060; x_wconf 84' lang='lat' dir='ltr'>taceret</span> 
     </span>
     <span class='ocr_line' id='line_1_52' title="bbox 2201 1079 2744 1142; baseline 0.006 -4"><span class='ocrx_word' id='word_1_160' title='bbox 2201 1079 2282 1139; x_wconf 92' lang='lat' dir='ltr'>At</span> <span class='ocrx_word' id='word_1_161' title='bbox 2310 1080 2404 1140; x_wconf 93' lang='lat' dir='ltr'>ille</span> <span class='ocrx_word' id='word_1_162' title='bbox 2435 1082 2617 1141; x_wconf 86' lang='lat' dir='ltr'>multo</span> <span class='ocrx_word' id='word_1_163' title='bbox 2646 1099 2744 1142; x_wconf 77' lang='lat' dir='ltr'>ma</span> 
     </span>
     <span class='ocr_line' id='line_1_53' title="bbox 2199 1175 2603 1252; baseline 0.005 -19"><span class='ocrx_word' id='word_1_164' title='bbox 2199 1175 2292 1252; x_wconf 82' lang='lat' dir='ltr'>gis</span> <span class='ocrx_word' id='word_1_165' title='bbox 2312 1175 2603 1235; x_wconf 88' lang='lat' dir='ltr'>clamabat</span> 
     </span>
    </p>

    <p class='ocr_par' dir='ltr' id='par_1_18' title="bbox 2199 1268 2621 1423">
     <span class='ocr_line' id='line_1_54' title="bbox 2200 1268 2485 1328; baseline 0.004 -1"><span class='ocrx_word' id='word_1_166' title='bbox 2200 1268 2279 1327; x_wconf 87' lang='lat' dir='ltr'>fili</span> <span class='ocrx_word' id='word_1_167' title='bbox 2309 1268 2485 1328; x_wconf 89' lang='lat' dir='ltr'>dauid</span> 
     </span>
     <span class='ocr_line' id='line_1_55' title="bbox 2199 1362 2621 1423; baseline 0.005 -3"><span class='ocrx_word' id='word_1_168' title='bbox 2199 1362 2474 1423; x_wconf 89' lang='lat' dir='ltr'>miserere</span> <span class='ocrx_word' id='word_1_169' title='bbox 2503 1363 2621 1423; x_wconf 90' lang='lat' dir='ltr'>mei</span> 
     </span>
    </p>

    <p class='ocr_par' dir='ltr' id='par_1_19' title="bbox 2192 1455 2768 2264">
     <span class='ocr_line' id='line_1_56' title="bbox 2197 1455 2768 1519; baseline 0.005 -4"><span class='ocrx_word' id='word_1_170' title='bbox 2197 1457 2245 1490; x_wconf 79' lang='lat'>⁴⁰</span> <span class='ocrx_word' id='word_1_171' title='bbox 2266 1455 2343 1516; x_wconf 89' lang='lat' dir='ltr'>Et</span> <span class='ocrx_word' id='word_1_172' title='bbox 2371 1467 2531 1517; x_wconf 90' lang='lat' dir='ltr'>stans</span> <span class='ocrx_word' id='word_1_173' title='bbox 2559 1458 2649 1517; x_wconf 77' lang='lat' dir='ltr'>ihs</span> <span class='ocrx_word' id='word_1_174' title='bbox 2676 1458 2768 1519; x_wconf 81' lang='lat' dir='ltr'>ius</span> 
     </span>
     <span class='ocr_line' id='line_1_57' title="bbox 2199 1551 2695 1611; baseline 0.006 -2"><span class='ocrx_word' id='word_1_175' title='bbox 2199 1551 2272 1609; x_wconf 88' lang='lat' dir='ltr'>sit</span> <span class='ocrx_word' id='word_1_176' title='bbox 2298 1569 2434 1610; x_wconf 91' lang='lat' dir='ltr'>eum</span> <span class='ocrx_word' id='word_1_177' title='bbox 2462 1553 2659 1611; x_wconf 88' lang='lat' dir='ltr'>uocari</span> <span class='ocrx_word' id='word_1_178' title='bbox 2680 1583 2695 1598; x_wconf 91' lang='lat'><strong>·</strong></span> 
     </span>
     <span class='ocr_line' id='line_1_58' title="bbox 2199 1643 2673 1705; baseline 0.006 -3"><span class='ocrx_word' id='word_1_179' title='bbox 2199 1643 2289 1702; x_wconf 90' lang='lat' dir='ltr'>Illi</span> <span class='ocrx_word' id='word_1_180' title='bbox 2317 1654 2511 1703; x_wconf 86' lang='lat' dir='ltr'>autem</span> <span class='ocrx_word' id='word_1_181' title='bbox 2541 1646 2673 1705; x_wconf 86' lang='lat' dir='ltr'>dixe</span> 
     </span>
     <span class='ocr_line' id='line_1_59' title="bbox 2197 1738 2700 1798; baseline 0.002 -2"><span class='ocrx_word' id='word_1_182' title='bbox 2197 1746 2331 1796; x_wconf 90' lang='lat' dir='ltr'>runt</span> <span class='ocrx_word' id='word_1_183' title='bbox 2359 1756 2539 1798; x_wconf 89' lang='lat' dir='ltr'>caeco</span> <span class='ocrx_word' id='word_1_184' title='bbox 2602 1738 2700 1797; x_wconf 86' lang='lat' dir='ltr'>ani</span> 
     </span>
     <span class='ocr_line' id='line_1_60' title="bbox 2197 1831 2624 1908; baseline 0.009 -20"><span class='ocrx_word' id='word_1_185' title='bbox 2197 1831 2469 1908; x_wconf 90' lang='lat' dir='ltr'>mequior</span> <span class='ocrx_word' id='word_1_186' title='bbox 2494 1840 2624 1892; x_wconf 84' lang='lat' dir='ltr'>esto</span> 
     </span>
     <span class='ocr_line' id='line_1_61' title="bbox 2195 1934 2692 2001; baseline 0.002 -18"><span class='ocrx_word' id='word_1_187' title='bbox 2195 1942 2371 2001; x_wconf 85' lang='lat' dir='ltr'>surge</span> <span class='ocrx_word' id='word_1_188' title='bbox 2399 1935 2572 1986; x_wconf 88' lang='lat' dir='ltr'>uocat</span> <span class='ocrx_word' id='word_1_189' title='bbox 2599 1934 2657 1984; x_wconf 88' lang='lat' dir='ltr'>te</span> <span class='ocrx_word' id='word_1_190' title='bbox 2677 1958 2692 1972; x_wconf 92' lang='lat'><strong>·</strong></span> 
     </span>
     <span class='ocr_line' id='line_1_62' title="bbox 2194 2017 2730 2079; baseline 0.004 -2"><span class='ocrx_word' id='word_1_191' title='bbox 2194 2017 2242 2051; x_wconf 80' lang='lat'>⁶⁰</span> <span class='ocrx_word' id='word_1_192' title='bbox 2260 2020 2338 2077; x_wconf 90' lang='lat' dir='ltr'>At</span> <span class='ocrx_word' id='word_1_193' title='bbox 2365 2018 2457 2078; x_wconf 92' lang='lat' dir='ltr'>ille</span> <span class='ocrx_word' id='word_1_194' title='bbox 2487 2019 2730 2079; x_wconf 85' lang='lat' dir='ltr'>dimisso</span> 
     </span>
     <span class='ocr_line' id='line_1_63' title="bbox 2192 2112 2678 2172; baseline 0.002 -1"><span class='ocrx_word' id='word_1_195' title='bbox 2192 2112 2542 2172; x_wconf 89' lang='lat' dir='ltr'>uestimento</span> <span class='ocrx_word' id='word_1_196' title='bbox 2569 2130 2678 2172; x_wconf 86' lang='lat' dir='ltr'>suo</span> 
     </span>
     <span class='ocr_line' id='line_1_64' title="bbox 2192 2204 2594 2264; baseline 0.002 -1"><span class='ocrx_word' id='word_1_197' title='bbox 2192 2204 2374 2264; x_wconf 89' lang='lat' dir='ltr'>exiliit</span> <span class='ocrx_word' id='word_1_198' title='bbox 2434 2215 2491 2264; x_wconf 91' lang='lat' dir='ltr'>et</span> <span class='ocrx_word' id='word_1_199' title='bbox 2519 2224 2594 2264; x_wconf 91' lang='lat' dir='ltr'>ue</span> 
     </span>
    </p>
   </div>
   <div class='ocr_carea' id='block_1_15' title="bbox 2192 2296 2732 2359">
    <p class='ocr_par' dir='ltr' id='par_1_20' title="bbox 2192 2296 2732 2359">
     <span class='ocr_line' id='line_1_65' title="bbox 2192 2296 2732 2359; baseline 0.002 -2"><span class='ocrx_word' id='word_1_200' title='bbox 2192 2300 2278 2358; x_wconf 89' lang='lat' dir='ltr'>nit</span> <span class='ocrx_word' id='word_1_201' title='bbox 2307 2299 2382 2359; x_wconf 92' lang='lat' dir='ltr'>ad</span> <span class='ocrx_word' id='word_1_202' title='bbox 2411 2300 2533 2358; x_wconf 82' lang='lat' dir='ltr'>ihm</span> <span class='ocrx_word' id='word_1_203' title='bbox 2592 2296 2732 2359; x_wconf 80' lang='lat' dir='ltr'>⁶¹Et</span> 
     </span>
    </p>
   </div>
   <div class='ocr_carea' id='block_1_16' title="bbox 2112 2394 2559 2472">
    <p class='ocr_par' dir='ltr' id='par_1_21' title="bbox 2112 2394 2559 2472">
     <span class='ocr_line' id='line_1_66' title="bbox 2112 2394 2559 2472; baseline 0 -20"><span class='ocrx_word' id='word_1_204' title='bbox 2112 2436 2117 2441; x_wconf 79' lang='lat'>·</span> <span class='ocrx_word' id='word_1_205' title='bbox 2191 2394 2559 2472; x_wconf 89' lang='lat' dir='ltr'>respondens</span> 
     </span>
    </p>
   </div>
   <div class='ocr_carea' id='block_1_17' title="bbox 2188 2525 2567 2586">
    <p class='ocr_par' dir='ltr' id='par_1_22' title="bbox 2188 2525 2567 2586">
     <span class='ocr_line' id='line_1_67' title="bbox 2188 2525 2567 2586; baseline 0.008 -3"><span class='ocrx_word' id='word_1_206' title='bbox 2188 2525 2269 2585; x_wconf 94' lang='lat' dir='ltr'>illi</span> <span class='ocrx_word' id='word_1_207' title='bbox 2298 2526 2386 2586; x_wconf 76' lang='lat' dir='ltr'>ihs</span> <span class='ocrx_word' id='word_1_208' title='bbox 2421 2527 2567 2586; x_wconf 83' lang='lat' dir='ltr'>dixit</span> 
     </span>
    </p>
   </div>
   <div class='ocr_carea' id='block_1_18' title="bbox 3549 357 3666 423">
    <p class='ocr_par' dir='ltr' id='par_1_23' title="bbox 3549 357 3666 423">
     <span class='ocr_line' id='line_1_68' title="bbox 3549 357 3666 423; baseline 0.017 -18"><span class='ocrx_word' id='word_1_209' title='bbox 3549 357 3666 423; x_wconf 84' lang='lat'>127</span> 
     </span>
    </p>
   </div>
   <div class='ocr_carea' id='block_1_19' title="bbox 2945 518 3568 2450">
    <p class='ocr_par' dir='ltr' id='par_1_24' title="bbox 2954 518 3504 1515">
     <span class='ocr_line' id='line_1_69' title="bbox 2963 518 3423 578; baseline 0 0"><span class='ocrx_word' id='word_1_210' title='bbox 2963 518 3158 578; x_wconf 89' lang='lat' dir='ltr'>statim</span> <span class='ocrx_word' id='word_1_211' title='bbox 3188 518 3423 578; x_wconf 84' lang='lat' dir='ltr'>inuenie</span> 
     </span>
     <span class='ocr_line' id='line_1_70' title="bbox 2960 612 3461 689; baseline -0.002 -18"><span class='ocrx_word' id='word_1_212' title='bbox 2960 612 3033 671; x_wconf 90' lang='lat' dir='ltr'>tis</span> <span class='ocrx_word' id='word_1_213' title='bbox 3095 612 3320 689; x_wconf 84' lang='lat' dir='ltr'>pullum</span> <span class='ocrx_word' id='word_1_214' title='bbox 3342 612 3461 689; x_wconf 83' lang='lat' dir='ltr'>liga</span> 
     </span>
     <span class='ocr_line' id='line_1_71' title="bbox 2959 710 3465 783; baseline 0.004 -19"><span class='ocrx_word' id='word_1_215' title='bbox 2959 715 3084 764; x_wconf 87' lang='lat' dir='ltr'>tum</span> <span class='ocrx_word' id='word_1_216' title='bbox 3147 724 3322 783; x_wconf 89' lang='lat' dir='ltr'>super</span> <span class='ocrx_word' id='word_1_217' title='bbox 3348 710 3465 783; x_wconf 66' lang='lat' dir='ltr'>que</span> 
     </span>
     <span class='ocr_line' id='line_1_72' title="bbox 2958 798 3471 859; baseline -0.002 0"><span class='ocrx_word' id='word_1_218' title='bbox 2958 817 3137 859; x_wconf 90' lang='lat' dir='ltr'>nemo</span> <span class='ocrx_word' id='word_1_219' title='bbox 3167 798 3359 858; x_wconf 90' lang='lat' dir='ltr'>adhuc</span> <span class='ocrx_word' id='word_1_220' title='bbox 3390 799 3471 859; x_wconf 89' lang='lat' dir='ltr'>ho</span> 
     </span>
     <span class='ocr_line' id='line_1_73' title="bbox 2957 894 3466 952; baseline 0.002 -1"><span class='ocrx_word' id='word_1_221' title='bbox 2957 894 3184 951; x_wconf 89' lang='lat' dir='ltr'>minum</span> <span class='ocrx_word' id='word_1_222' title='bbox 3213 894 3364 952; x_wconf 89' lang='lat' dir='ltr'>sedit</span> <span class='ocrx_word' id='word_1_223' title='bbox 3386 925 3466 939; x_wconf 92' lang='grc'><strong>-</strong></span> 
     </span>
     <span class='ocr_line' id='line_1_74' title="bbox 2959 985 3456 1046; baseline 0 0"><span class='ocrx_word' id='word_1_224' title='bbox 2959 985 3178 1046; x_wconf 88' lang='lat' dir='ltr'>Soluite</span> <span class='ocrx_word' id='word_1_225' title='bbox 3206 987 3365 1045; x_wconf 86' lang='lat' dir='ltr'>illum</span> <span class='ocrx_word' id='word_1_226' title='bbox 3394 995 3456 1046; x_wconf 92' lang='lat' dir='ltr'>et</span> 
     </span>
     <span class='ocr_line' id='line_1_75' title="bbox 2957 1079 3504 1141; baseline 0.004 -2"><span class='ocrx_word' id='word_1_227' title='bbox 2957 1080 3227 1139; x_wconf 81' lang='lat' dir='ltr'>adducite</span> <span class='ocrx_word' id='word_1_228' title='bbox 3252 1112 3265 1126; x_wconf 91' lang='lat'><strong>·</strong></span> <span class='ocrx_word' id='word_1_229' title='bbox 3309 1079 3333 1113; x_wconf 82' lang='lat'>⁸</span> <span class='ocrx_word' id='word_1_230' title='bbox 3348 1080 3427 1138; x_wconf 92' lang='lat' dir='ltr'>Et</span> <span class='ocrx_word' id='word_1_231' title='bbox 3447 1082 3504 1141; x_wconf 84' lang='lat' dir='ltr'>si-</span> 
     </span>
     <span class='ocr_line' id='line_1_76' title="bbox 2954 1174 3451 1251; baseline 0.002 -18"><span class='ocrx_word' id='word_1_232' title='bbox 2954 1174 3087 1251; x_wconf 90' lang='lat' dir='ltr'>quis</span> <span class='ocrx_word' id='word_1_233' title='bbox 3116 1174 3287 1233; x_wconf 93' lang='lat' dir='ltr'>uobis</span> <span class='ocrx_word' id='word_1_234' title='bbox 3316 1174 3451 1234; x_wconf 84' lang='lat' dir='ltr'>dixe</span> 
     </span>
     <span class='ocr_line' id='line_1_77' title="bbox 2954 1267 3479 1344; baseline 0.004 -18"><span class='ocrx_word' id='word_1_235' title='bbox 2954 1269 3026 1327; x_wconf 91' lang='lat' dir='ltr'>rit</span> <span class='ocrx_word' id='word_1_236' title='bbox 3053 1267 3194 1344; x_wconf 89' lang='lat' dir='ltr'>quid</span> <span class='ocrx_word' id='word_1_237' title='bbox 3222 1268 3336 1327; x_wconf 84' lang='lat' dir='ltr'>hoc</span> <span class='ocrx_word' id='word_1_238' title='bbox 3366 1267 3479 1328; x_wconf 83' lang='lat' dir='ltr'>faci</span> 
     </span>
     <span class='ocr_line' id='line_1_78' title="bbox 2954 1361 3461 1439; baseline 0.006 -20"><span class='ocrx_word' id='word_1_239' title='bbox 2954 1362 3026 1421; x_wconf 88' lang='lat' dir='ltr'>tis</span> <span class='ocrx_word' id='word_1_240' title='bbox 3047 1393 3060 1407; x_wconf 94' lang='lat'><strong>·</strong></span> <span class='ocrx_word' id='word_1_241' title='bbox 3123 1361 3294 1422; x_wconf 91' lang='lat' dir='ltr'>dicite</span> <span class='ocrx_word' id='word_1_242' title='bbox 3323 1363 3461 1439; x_wconf 89' lang='lat' dir='ltr'>quia</span> 
     </span>
     <span class='ocr_line' id='line_1_79' title="bbox 2954 1455 3398 1515; baseline 0 0"><span class='ocrx_word' id='word_1_243' title='bbox 2954 1455 3076 1515; x_wconf 78' lang='lat' dir='ltr'>dfio</span> <span class='ocrx_word' id='word_1_244' title='bbox 3106 1456 3398 1515; x_wconf 85' lang='lat' dir='ltr'>necessari</span> 
     </span>
    </p>

    <p class='ocr_par' dir='ltr' id='par_1_25' title="bbox 2949 1550 3524 2169">
     <span class='ocr_line' id='line_1_80' title="bbox 2952 1550 3493 1610; baseline 0.002 -2"><span class='ocrx_word' id='word_1_245' title='bbox 2952 1566 3022 1608; x_wconf 91' lang='lat' dir='ltr'>us</span> <span class='ocrx_word' id='word_1_246' title='bbox 3052 1560 3141 1609; x_wconf 92' lang='lat' dir='ltr'>est</span> <span class='ocrx_word' id='word_1_247' title='bbox 3165 1582 3179 1595; x_wconf 93' lang='lat'><strong>·</strong></span> <span class='ocrx_word' id='word_1_248' title='bbox 3241 1557 3300 1608; x_wconf 92' lang='lat' dir='ltr'>et</span> <span class='ocrx_word' id='word_1_249' title='bbox 3330 1550 3493 1610; x_wconf 84' lang='lat' dir='ltr'>conti</span> 
     </span>
     <span class='ocr_line' id='line_1_81' title="bbox 2953 1641 3467 1702; baseline 0.002 -2"><span class='ocrx_word' id='word_1_250' title='bbox 2953 1659 3076 1701; x_wconf 91' lang='lat' dir='ltr'>nuo</span> <span class='ocrx_word' id='word_1_251' title='bbox 3105 1641 3266 1700; x_wconf 90' lang='lat' dir='ltr'>illum</span> <span class='ocrx_word' id='word_1_252' title='bbox 3293 1643 3467 1702; x_wconf 87' lang='lat' dir='ltr'>remit</span> 
     </span>
     <span class='ocr_line' id='line_1_82' title="bbox 2951 1735 3524 1796; baseline 0.003 -2"><span class='ocrx_word' id='word_1_253' title='bbox 2951 1744 3032 1794; x_wconf 89' lang='lat' dir='ltr'>tet</span> <span class='ocrx_word' id='word_1_254' title='bbox 3060 1735 3174 1795; x_wconf 89' lang='lat' dir='ltr'>huc</span> <span class='ocrx_word' id='word_1_255' title='bbox 3196 1768 3209 1781; x_wconf 91' lang='lat'><strong>·</strong></span> <span class='ocrx_word' id='word_1_256' title='bbox 3254 1736 3372 1794; x_wconf 76' lang='lat' dir='ltr'>‘Et</span> <span class='ocrx_word' id='word_1_257' title='bbox 3399 1738 3524 1796; x_wconf 49' lang='lat' dir='ltr'>abe*</span> 
     </span>
     <span class='ocr_line' id='line_1_83' title="bbox 2950 1829 3501 1889; baseline 0.005 -3"><span class='ocrx_word' id='word_1_258' title='bbox 2950 1837 3120 1887; x_wconf 89' lang='lat' dir='ltr'>untes</span> <span class='ocrx_word' id='word_1_259' title='bbox 3148 1829 3501 1889; x_wconf 90' lang='lat' dir='ltr'>inuenerunt</span> 
     </span>
     <span class='ocr_line' id='line_1_84' title="bbox 2951 1921 3456 1999; baseline 0.002 -19"><span class='ocrx_word' id='word_1_260' title='bbox 2951 1921 3177 1999; x_wconf 90' lang='lat' dir='ltr'>pullum</span> <span class='ocrx_word' id='word_1_261' title='bbox 3205 1922 3456 1998; x_wconf 79' lang='lat' dir='ltr'>ligatum-</span> 
     </span>
     <span class='ocr_line' id='line_1_85' title="bbox 2951 2016 3448 2077; baseline 0.004 -3"><span class='ocrx_word' id='word_1_262' title='bbox 2951 2026 3087 2074; x_wconf 90' lang='lat' dir='ltr'>ante</span> <span class='ocrx_word' id='word_1_263' title='bbox 3117 2016 3356 2075; x_wconf 91' lang='lat' dir='ltr'>ianuam</span> <span class='ocrx_word' id='word_1_264' title='bbox 3386 2016 3448 2077; x_wconf 89' lang='lat' dir='ltr'>fo</span> 
     </span>
     <span class='ocr_line' id='line_1_86' title="bbox 2949 2109 3388 2169; baseline 0.002 -2"><span class='ocrx_word' id='word_1_265' title='bbox 2949 2109 3026 2169; x_wconf 89' lang='lat' dir='ltr'>ris</span> <span class='ocrx_word' id='word_1_266' title='bbox 3055 2110 3116 2167; x_wconf 89' lang='lat' dir='ltr'>in</span> <span class='ocrx_word' id='word_1_267' title='bbox 3145 2110 3388 2168; x_wconf 86' lang='lat' dir='ltr'>transitu</span> 
     </span>
    </p>

    <p class='ocr_par' dir='ltr' id='par_1_26' title="bbox 2945 2203 3568 2450">
     <span class='ocr_line' id='line_1_87' title="bbox 2947 2203 3467 2263; baseline 0.002 -1"><span class='ocrx_word' id='word_1_268' title='bbox 2947 2212 3006 2262; x_wconf 91' lang='lat' dir='ltr'>et</span> <span class='ocrx_word' id='word_1_269' title='bbox 3034 2203 3332 2262; x_wconf 88' lang='lat' dir='ltr'>soluerunt</span> <span class='ocrx_word' id='word_1_270' title='bbox 3360 2209 3433 2263; x_wconf 78' lang='lat' dir='ltr'>eii</span> <span class='ocrx_word' id='word_1_271' title='bbox 3453 2236 3467 2251; x_wconf 91' lang='lat'><strong>·</strong></span> 
     </span>
     <span class='ocr_line' id='line_1_88' title="bbox 2945 2295 3568 2373; baseline 0.005 -19"><span class='ocrx_word' id='word_1_272' title='bbox 2945 2295 2968 2328; x_wconf 81' lang='lat'>⁸</span> <span class='ocrx_word' id='word_1_273' title='bbox 2986 2295 3061 2355; x_wconf 91' lang='lat' dir='ltr'>Et</span> <span class='ocrx_word' id='word_1_274' title='bbox 3080 2296 3316 2373; x_wconf 86' lang='lat' dir='ltr'>quidam</span> <span class='ocrx_word' id='word_1_275' title='bbox 3347 2296 3421 2356; x_wconf 93' lang='lat' dir='ltr'>de</span> <span class='ocrx_word' id='word_1_276' title='bbox 3449 2297 3568 2357; x_wconf 84' lang='lat' dir='ltr'>illic</span> 
     </span>
     <span class='ocr_line' id='line_1_89' title="bbox 2945 2390 3387 2450; baseline 0.005 -2"><span class='ocrx_word' id='word_1_277' title='bbox 2945 2392 3229 2449; x_wconf 86' lang='lat' dir='ltr'>stantibus</span> <span class='ocrx_word' id='word_1_278' title='bbox 3251 2390 3387 2450; x_wconf 84' lang='lat' dir='ltr'>dixe</span> 
     </span>
    </p>
   </div>
   <div class='ocr_carea' id='block_1_20' title="bbox 2941 2521 3466 2600">
    <p class='ocr_par' dir='ltr' id='par_1_27' title="bbox 2941 2521 3466 2600">
     <span class='ocr_line' id='line_1_90' title="bbox 2941 2521 3466 2600; baseline 0.002 -19"><span class='ocrx_word' id='word_1_279' title='bbox 2941 2532 3075 2581; x_wconf 89' lang='lat' dir='ltr'>runt</span> <span class='ocrx_word' id='word_1_280' title='bbox 3103 2521 3212 2582; x_wconf 82' lang='lat' dir='ltr'>illis</span> <span class='ocrx_word' id='word_1_281' title='bbox 3237 2555 3249 2570; x_wconf 91' lang='lat'><strong>·</strong></span> <span class='ocrx_word' id='word_1_282' title='bbox 3314 2524 3466 2600; x_wconf 85' lang='lat' dir='ltr'>quid-</span> 
     </span>
    </p>
   </div>
   <div class='ocr_carea' id='block_1_21' title="bbox 3694 530 3965 584">
    <p class='ocr_par' dir='ltr' id='par_1_28' title="bbox 3694 530 3965 584">
     <span class='ocr_line' id='line_1_91' title="bbox 3694 530 3965 584; baseline 0.011 -3"><span class='ocrx_word' id='word_1_283' title='bbox 3694 530 3819 582; x_wconf 74' lang='lat'>1&#39;01&#39;.</span> <span class='ocrx_word' id='word_1_284' title='bbox 3841 534 3965 584; x_wconf 70' lang='lat'><strong>185.</strong></span> 
     </span>
    </p>
   </div>
   <div class='ocr_carea' id='block_1_22' title="bbox 636 2526 1113 2603">
    <p class='ocr_par' dir='ltr' id='par_1_29' title="bbox 636 2526 1113 2603">
     <span class='ocr_line' id='line_1_92' title="bbox 636 2526 1113 2603; baseline 0 -19"><span class='ocrx_word' id='word_1_285' title='bbox 636 2535 733 2585; x_wconf 91' lang='lat' dir='ltr'>aut</span> <span class='ocrx_word' id='word_1_286' title='bbox 759 2526 1113 2603; x_wconf 89' lang='lat' dir='ltr'>baptismum</span> 
     </span>
    </p>
   </div>
   <div class='ocr_carea' id='block_1_23' title="bbox 640 2615 3490 2698">
    <p class='ocr_par' dir='ltr' id='par_1_30' title="bbox 640 2615 3490 2698">
     <span class='ocr_line' id='line_1_93' title="bbox 640 2615 3490 2698; baseline -0.001 -20"><span class='ocrx_word' id='word_1_287' title='bbox 640 2620 795 2697; x_wconf 93' lang='lat' dir='ltr'>quod</span> <span class='ocrx_word' id='word_1_288' title='bbox 825 2637 940 2696; x_wconf 88' lang='lat' dir='ltr'>ego</span> <span class='ocrx_word' id='word_1_289' title='bbox 967 2619 1130 2696; x_wconf 89' lang='lat' dir='ltr'>bapti</span> <span class='ocrx_word' id='word_1_290' title='bbox 1387 2636 1496 2677; x_wconf 92' lang='lat' dir='ltr'>uus</span> <span class='ocrx_word' id='word_1_291' title='bbox 1517 2650 1531 2665; x_wconf 95' lang='lat'><strong>·</strong></span> <span class='ocrx_word' id='word_1_292' title='bbox 1575 2619 1620 2651; x_wconf 79' lang='lat'>⁴⁸</span> <span class='ocrx_word' id='word_1_293' title='bbox 1638 2616 1794 2676; x_wconf 88' lang='lat' dir='ltr'>Nam</span> <span class='ocrx_word' id='word_1_294' title='bbox 1823 2628 1882 2676; x_wconf 91' lang='lat' dir='ltr'>et</span> <span class='ocrx_word' id='word_1_295' title='bbox 1912 2617 1993 2675; x_wconf 87' lang='lat' dir='ltr'>fili</span> <span class='ocrx_word' id='word_1_296' title='bbox 2190 2621 2332 2698; x_wconf 89' lang='lat' dir='ltr'>quid</span> <span class='ocrx_word' id='word_1_297' title='bbox 2359 2622 2449 2680; x_wconf 89' lang='lat' dir='ltr'>uis</span> <span class='ocrx_word' id='word_1_298' title='bbox 2477 2620 2581 2680; x_wconf 89' lang='lat' dir='ltr'>tibi</span> <span class='ocrx_word' id='word_1_299' title='bbox 2608 2618 2721 2680; x_wconf 88' lang='lat' dir='ltr'>faci</span> <span class='ocrx_word' id='word_1_300' title='bbox 2942 2615 3127 2676; x_wconf 89' lang='lat' dir='ltr'>facitis</span> <span class='ocrx_word' id='word_1_301' title='bbox 3185 2617 3490 2677; x_wconf 76' lang='lat' dir='ltr'>soluentes</span> 
     </span>
    </p>
   </div>
   <div class='ocr_carea' id='block_1_24' title="bbox 627 2710 3539 3543">
    <p class='ocr_par' dir='ltr' id='par_1_31' title="bbox 637 2710 3430 2791">
     <span class='ocr_line' id='line_1_94' title="bbox 637 2710 3430 2791; baseline -0.001 -19"><span class='ocrx_word' id='word_1_302' title='bbox 637 2731 737 2772; x_wconf 86' lang='lat' dir='ltr'>zor</span> <span class='ocrx_word' id='word_1_303' title='bbox 799 2714 1074 2791; x_wconf 87' lang='lat' dir='ltr'>baptizari</span> <span class='ocrx_word' id='word_1_304' title='bbox 1093 2745 1108 2760; x_wconf 90' lang='lat'><strong>·</strong></span> <span class='ocrx_word' id='word_1_305' title='bbox 1384 2730 1455 2771; x_wconf 89' lang='lat' dir='ltr'>us</span> <span class='ocrx_word' id='word_1_306' title='bbox 1483 2712 1736 2772; x_wconf 89' lang='lat' dir='ltr'>hominis</span> <span class='ocrx_word' id='word_1_307' title='bbox 1766 2730 1887 2771; x_wconf 90' lang='lat' dir='ltr'>non</span> <span class='ocrx_word' id='word_1_308' title='bbox 2191 2732 2289 2773; x_wconf 89' lang='lat' dir='ltr'>am</span> <span class='ocrx_word' id='word_1_309' title='bbox 2314 2746 2328 2761; x_wconf 91' lang='lat'><strong>·</strong></span> <span class='ocrx_word' id='word_1_310' title='bbox 2388 2732 2598 2774; x_wconf 91' lang='lat' dir='ltr'>caecus</span> <span class='ocrx_word' id='word_1_311' title='bbox 2626 2719 2762 2774; x_wconf 65' lang='lat' dir='ltr'>aute</span> <span class='ocrx_word' id='word_1_312' title='bbox 2940 2710 3197 2787; x_wconf 89' lang='lat' dir='ltr'>pullum·</span> <span class='ocrx_word' id='word_1_313' title='bbox 3242 2711 3265 2744; x_wconf 82' lang='lat'>⁸</span> <span class='ocrx_word' id='word_1_314' title='bbox 3283 2713 3361 2770; x_wconf 88' lang='lat' dir='ltr'>At</span> <span class='ocrx_word' id='word_1_315' title='bbox 3390 2710 3430 2770; x_wconf 88' lang='lat' dir='ltr'>il</span> 
     </span>
    </p>

    <p class='ocr_par' dir='ltr' id='par_1_32' title="bbox 628 2803 3539 3339">
     <span class='ocr_line' id='line_1_95' title="bbox 638 2803 3429 2868; baseline -0.001 -2"><span class='ocrx_word' id='word_1_316' title='bbox 638 2807 682 2841; x_wconf 80' lang='lat'>⁸⁹</span> <span class='ocrx_word' id='word_1_317' title='bbox 701 2806 781 2866; x_wconf 91' lang='lat' dir='ltr'>At</span> <span class='ocrx_word' id='word_1_318' title='bbox 809 2808 886 2867; x_wconf 92' lang='lat' dir='ltr'>illi</span> <span class='ocrx_word' id='word_1_319' title='bbox 915 2806 1171 2868; x_wconf 88' lang='lat' dir='ltr'>di¹erunt</span> <span class='ocrx_word' id='word_1_320' title='bbox 1385 2807 1545 2866; x_wconf 90' lang='lat' dir='ltr'>uenit</span> <span class='ocrx_word' id='word_1_321' title='bbox 1570 2806 1880 2864; x_wconf 86' lang='lat' dir='ltr'>ministrari</span> <span class='ocrx_word' id='word_1_322' title='bbox 2189 2807 2333 2867; x_wconf 86' lang='lat' dir='ltr'>dixit</span> <span class='ocrx_word' id='word_1_323' title='bbox 2361 2809 2414 2867; x_wconf 91' lang='lat' dir='ltr'>ei</span> <span class='ocrx_word' id='word_1_324' title='bbox 2434 2827 2466 2855; x_wconf 50' lang='grc' dir='ltr'><em>α</em></span> <span class='ocrx_word' id='word_1_325' title='bbox 2512 2808 2679 2867; x_wconf 88' lang='lat' dir='ltr'>rabbi</span> <span class='ocrx_word' id='word_1_326' title='bbox 2940 2803 2977 2861; x_wconf 91' lang='lat' dir='ltr'>li</span> <span class='ocrx_word' id='word_1_327' title='bbox 3007 2804 3277 2864; x_wconf 87' lang='lat' dir='ltr'>dixerunt</span> <span class='ocrx_word' id='word_1_328' title='bbox 3304 2806 3390 2865; x_wconf 90' lang='lat' dir='ltr'>eis</span> <span class='ocrx_word' id='word_1_329' title='bbox 3413 2841 3429 2857; x_wconf 90' lang='lat'><strong>·</strong></span> 
     </span>
     <span class='ocr_line' id='line_1_96' title="bbox 634 2897 3422 2978; baseline -0 -18"><span class='ocrx_word' id='word_1_330' title='bbox 634 2920 915 2978; x_wconf 90' lang='lat' dir='ltr'>posumus</span> <span class='ocrx_word' id='word_1_331' title='bbox 933 2933 949 2949; x_wconf 93' lang='lat'><strong>·</strong></span> <span class='ocrx_word' id='word_1_332' title='bbox 1386 2901 1493 2960; x_wconf 89' lang='lat' dir='ltr'>sed</span> <span class='ocrx_word' id='word_1_333' title='bbox 1519 2900 1853 2959; x_wconf 86' lang='lat' dir='ltr'>ministrare·</span> <span class='ocrx_word' id='word_1_334' title='bbox 2188 2911 2252 2961; x_wconf 90' lang='lat' dir='ltr'>ut</span> <span class='ocrx_word' id='word_1_335' title='bbox 2278 2902 2512 2962; x_wconf 89' lang='lat' dir='ltr'>uideam</span> <span class='ocrx_word' id='word_1_336' title='bbox 2532 2933 2545 2949; x_wconf 93' lang='lat'><strong>·</strong></span> <span class='ocrx_word' id='word_1_337' title='bbox 2590 2899 2635 2934; x_wconf 75' lang='lat'>⁶²</span> <span class='ocrx_word' id='word_1_338' title='bbox 2651 2910 2709 2962; x_wconf 91' lang='lat' dir='ltr'>et</span> <span class='ocrx_word' id='word_1_339' title='bbox 2737 2903 2827 2963; x_wconf 77' lang='lat' dir='ltr'>ihs</span> <span class='ocrx_word' id='word_1_340' title='bbox 2942 2897 3102 2958; x_wconf 90' lang='lat' dir='ltr'>Sicut</span> <span class='ocrx_word' id='word_1_341' title='bbox 3131 2899 3354 2959; x_wconf 84' lang='lat' dir='ltr'>dixerat</span> <span class='ocrx_word' id='word_1_342' title='bbox 3382 2900 3422 2959; x_wconf 83' lang='lat' dir='ltr'>il</span> 
     </span>
     <span class='ocr_line' id='line_1_97' title="bbox 636 2992 3462 3070; baseline -0.001 -15"><span class='ocrx_word' id='word_1_343' title='bbox 636 2996 734 3055; x_wconf 84' lang='lat' dir='ltr'>Ait</span> <span class='ocrx_word' id='word_1_344' title='bbox 762 2996 871 3056; x_wconf 90' lang='lat' dir='ltr'>illis</span> <span class='ocrx_word' id='word_1_345' title='bbox 891 2996 981 3055; x_wconf 81' lang='lat' dir='ltr'>ihs</span> <span class='ocrx_word' id='word_1_346' title='bbox 1001 3026 1016 3042; x_wconf 92' lang='lat'><strong>·</strong></span> <span class='ocrx_word' id='word_1_347' title='bbox 1082 2994 1209 3056; x_wconf 89' lang='lat' dir='ltr'>Cali</span> <span class='ocrx_word' id='word_1_348' title='bbox 1384 3004 1442 3054; x_wconf 91' lang='lat' dir='ltr'>et</span> <span class='ocrx_word' id='word_1_349' title='bbox 1471 2994 1607 3053; x_wconf 86' lang='lat' dir='ltr'>dare</span> <span class='ocrx_word' id='word_1_350' title='bbox 1636 2993 1903 3053; x_wconf 19' lang='lat' dir='ltr'>animam*</span> <span class='ocrx_word' id='word_1_351' title='bbox 2190 2996 2336 3055; x_wconf 89' lang='lat' dir='ltr'>dixit</span> <span class='ocrx_word' id='word_1_352' title='bbox 2396 2995 2548 3055; x_wconf 90' lang='lat' dir='ltr'>uade</span> <span class='ocrx_word' id='word_1_353' title='bbox 2576 2995 2724 3055; x_wconf 93' lang='lat' dir='ltr'>fides</span> <span class='ocrx_word' id='word_1_354' title='bbox 2937 2992 3007 3053; x_wconf 89' lang='lat' dir='ltr'>lis</span> <span class='ocrx_word' id='word_1_355' title='bbox 3038 2992 3127 3052; x_wconf 79' lang='lat' dir='ltr'>ihs</span> <span class='ocrx_word' id='word_1_356' title='bbox 3188 3005 3247 3052; x_wconf 92' lang='lat' dir='ltr'>et</span> <span class='ocrx_word' id='word_1_357' title='bbox 3275 2996 3462 3070; x_wconf 89' lang='lat' dir='ltr'>permi</span> 
     </span>
     <span class='ocr_line' id='line_1_98' title="bbox 634 3086 3400 3166; baseline -0.001 -16"><span class='ocrx_word' id='word_1_358' title='bbox 634 3108 761 3150; x_wconf 91' lang='lat' dir='ltr'>cem</span> <span class='ocrx_word' id='word_1_359' title='bbox 790 3090 1029 3166; x_wconf 89' lang='lat' dir='ltr'>quidem</span> <span class='ocrx_word' id='word_1_360' title='bbox 1384 3105 1550 3147; x_wconf 88' lang='lat' dir='ltr'>suam</span> <span class='ocrx_word' id='word_1_361' title='bbox 1578 3086 1863 3146; x_wconf 90' lang='lat' dir='ltr'>redemtio</span> <span class='ocrx_word' id='word_1_362' title='bbox 2187 3098 2286 3149; x_wconf 90' lang='lat' dir='ltr'>tua</span> <span class='ocrx_word' id='word_1_363' title='bbox 2315 3099 2371 3149; x_wconf 90' lang='lat' dir='ltr'>te</span> <span class='ocrx_word' id='word_1_364' title='bbox 2401 3089 2648 3150; x_wconf 88' lang='lat' dir='ltr'>saluauit</span> <span class='ocrx_word' id='word_1_365' title='bbox 2665 3122 2680 3137; x_wconf 91' lang='lat'><strong>·</strong></span> <span class='ocrx_word' id='word_1_366' title='bbox 2939 3097 3134 3146; x_wconf 91' lang='lat' dir='ltr'>serunt</span> <span class='ocrx_word' id='word_1_367' title='bbox 3161 3088 3270 3147; x_wconf 87' lang='lat' dir='ltr'>illis</span> <span class='ocrx_word' id='word_1_368' title='bbox 3290 3120 3400 3134; x_wconf 89' lang='lat'>·—-</span> 
     </span>
     <span class='ocr_line' id='line_1_99' title="bbox 629 3179 3539 3260; baseline 0 -18"><span class='ocrx_word' id='word_1_369' title='bbox 629 3200 805 3259; x_wconf 90' lang='lat' dir='ltr'>quem</span> <span class='ocrx_word' id='word_1_370' title='bbox 832 3201 948 3259; x_wconf 88' lang='lat' dir='ltr'>ego</span> <span class='ocrx_word' id='word_1_371' title='bbox 977 3184 1112 3244; x_wconf 90' lang='lat' dir='ltr'>bibe</span> <span class='ocrx_word' id='word_1_372' title='bbox 1381 3201 1522 3242; x_wconf 91' lang='lat' dir='ltr'>nem</span> <span class='ocrx_word' id='word_1_373' title='bbox 1550 3200 1659 3259; x_wconf 91' lang='lat' dir='ltr'>pro</span> <span class='ocrx_word' id='word_1_374' title='bbox 1686 3180 1986 3240; x_wconf 85' lang='lat' dir='ltr'>multis—</span> <span class='ocrx_word' id='word_1_375' title='bbox 2109 3227 2115 3234; x_wconf 84' lang='lat'><strong>.</strong></span> <span class='ocrx_word' id='word_1_376' title='bbox 2186 3183 2264 3241; x_wconf 90' lang='lat' dir='ltr'>Et</span> <span class='ocrx_word' id='word_1_377' title='bbox 2293 3183 2602 3243; x_wconf 90' lang='lat' dir='ltr'>confestim</span> <span class='ocrx_word' id='word_1_378' title='bbox 2630 3184 2777 3244; x_wconf 90' lang='lat' dir='ltr'>uidit</span> <span class='ocrx_word' id='word_1_379' title='bbox 2936 3180 2959 3214; x_wconf 80' lang='lat'>⁷</span> <span class='ocrx_word' id='word_1_380' title='bbox 2975 3179 3052 3239; x_wconf 90' lang='lat' dir='ltr'>Et</span> <span class='ocrx_word' id='word_1_381' title='bbox 3079 3181 3407 3240; x_wconf 88' lang='lat' dir='ltr'>aduxerunt</span> <span class='ocrx_word' id='word_1_382' title='bbox 3436 3183 3539 3260; x_wconf 90' lang='lat' dir='ltr'>pul</span> 
     </span>
     <span class='ocr_line' id='line_1_100' title="bbox 628 3273 3350 3339; baseline -0.001 -3"><span class='ocrx_word' id='word_1_383' title='bbox 628 3296 695 3339; x_wconf 91' lang='lat' dir='ltr'>ro</span> <span class='ocrx_word' id='word_1_384' title='bbox 723 3279 931 3338; x_wconf 87' lang='lat' dir='ltr'>bibetis</span> <span class='ocrx_word' id='word_1_385' title='bbox 951 3308 966 3324; x_wconf 90' lang='lat'><strong>·</strong></span> <span class='ocrx_word' id='word_1_386' title='bbox 1481 3302 1562 3327; x_wconf 49' lang='grc' dir='ltr'><strong><em>ω</em></strong></span> <span class='ocrx_word' id='word_1_387' title='bbox 1643 3301 1726 3329; x_wconf 58' lang='lat'>0-</span> <span class='ocrx_word' id='word_1_388' title='bbox 1806 3300 1889 3328; x_wconf 70' lang='lat' dir='ltr'>-e-</span> <span class='ocrx_word' id='word_1_389' title='bbox 2110 3273 2113 3278; x_wconf 69' lang='grc'><strong><em>’</em></strong></span> <span class='ocrx_word' id='word_1_390' title='bbox 2184 3286 2242 3336; x_wconf 91' lang='lat' dir='ltr'>et</span> <span class='ocrx_word' id='word_1_391' title='bbox 2271 3287 2500 3337; x_wconf 89' lang='lat' dir='ltr'>secutus</span> <span class='ocrx_word' id='word_1_392' title='bbox 2527 3287 2617 3337; x_wconf 89' lang='lat' dir='ltr'>est</span> <span class='ocrx_word' id='word_1_393' title='bbox 2643 3277 2741 3337; x_wconf 75' lang='lat' dir='ltr'>illu</span> <span class='ocrx_word' id='word_1_394' title='bbox 2936 3273 3058 3333; x_wconf 90' lang='lat' dir='ltr'>lum</span> <span class='ocrx_word' id='word_1_395' title='bbox 3085 3275 3161 3334; x_wconf 89' lang='lat' dir='ltr'>ad</span> <span class='ocrx_word' id='word_1_396' title='bbox 3189 3276 3312 3335; x_wconf 80' lang='lat' dir='ltr'>ihm</span> <span class='ocrx_word' id='word_1_397' title='bbox 3337 3308 3350 3322; x_wconf 94' lang='lat'><strong>·</strong></span> 
     </span>
    </p>

    <p class='ocr_par' dir='ltr' id='par_1_33' title="bbox 627 3367 3418 3543">
     <span class='ocr_line' id='line_1_101' title="bbox 627 3367 3418 3448; baseline 0.003 -29"><span class='ocrx_word' id='word_1_398' title='bbox 627 3381 684 3430; x_wconf 77' lang='lat' dir='ltr'>et</span> <span class='ocrx_word' id='word_1_399' title='bbox 712 3371 1067 3448; x_wconf 76' lang='lat' dir='ltr'>baptismum</span> <span class='ocrx_word' id='word_1_400' title='bbox 1607 3367 1670 3418; x_wconf 89' lang='lat' dir='ltr'>de</span> <span class='ocrx_word' id='word_1_401' title='bbox 1699 3381 1818 3418; x_wconf 82' lang='lat' dir='ltr'>ceco</span> <span class='ocrx_word' id='word_1_402' title='bbox 2218 3370 2337 3420; x_wconf 76' lang='lat' dir='ltr'>Ir&#39;ic:</span> <span class='ocrx_word' id='word_1_403' title='bbox 2388 3369 2619 3420; x_wconf 87' lang='lat' dir='ltr'>dominec</span> <span class='ocrx_word' id='word_1_404' title='bbox 2641 3371 2691 3420; x_wconf 88' lang='lat' dir='ltr'>in</span> <span class='ocrx_word' id='word_1_405' title='bbox 2716 3370 2854 3422; x_wconf 83' lang='lat' dir='ltr'>oliuo</span> <span class='ocrx_word' id='word_1_406' title='bbox 2935 3368 3011 3427; x_wconf 92' lang='lat' dir='ltr'>Et</span> <span class='ocrx_word' id='word_1_407' title='bbox 3038 3369 3418 3445; x_wconf 87' lang='lat' dir='ltr'>inposuerunt</span> 
     </span>
     <span class='ocr_line' id='line_1_102' title="bbox 627 3446 3393 3543; baseline 0 -35"><span class='ocrx_word' id='word_1_408' title='bbox 627 3464 787 3543; x_wconf 80' lang='lat' dir='ltr'>quod</span> <span class='ocrx_word' id='word_1_409' title='bbox 814 3482 929 3542; x_wconf 74' lang='lat' dir='ltr'>ego</span> <span class='ocrx_word' id='word_1_410' title='bbox 957 3463 1119 3541; x_wconf 70' lang='lat' dir='ltr'>bapti</span> <span class='ocrx_word' id='word_1_411' title='bbox 1328 3447 1361 3483; x_wconf 47' lang='lat'>⁸</span> <span class='ocrx_word' id='word_1_412' title='bbox 1377 3449 1421 3482; x_wconf 66' lang='lat'>⁴⁶</span> <span class='ocrx_word' id='word_1_413' title='bbox 1437 3447 1513 3507; x_wconf 73' lang='lat' dir='ltr'>Et</span> <span class='ocrx_word' id='word_1_414' title='bbox 1541 3449 1781 3507; x_wconf 73' lang='lat' dir='ltr'>ueniunt</span> <span class='ocrx_word' id='word_1_415' title='bbox 1808 3448 1868 3506; x_wconf 72' lang='lat' dir='ltr'>in</span> <span class='ocrx_word' id='word_1_416' title='bbox 1897 3446 1958 3505; x_wconf 79' lang='lat' dir='ltr'>hi</span> <span class='ocrx_word' id='word_1_417' title='bbox 2183 3448 2244 3506; x_wconf 76' lang='lat' dir='ltr'>in</span> <span class='ocrx_word' id='word_1_418' title='bbox 2261 3449 2357 3508; x_wconf 76' lang='lat' dir='ltr'>uia</span> <span class='ocrx_word' id='word_1_419' title='bbox 2376 3482 2389 3496; x_wconf 88' lang='lat'><strong>·</strong></span> <span class='ocrx_word' id='word_1_420' title='bbox 2407 3482 2420 3496; x_wconf 92' lang='lat'><strong>·</strong></span> <span class='ocrx_word' id='word_1_421' title='bbox 2466 3455 2550 3508; x_wconf 76' lang='lat'>11.</span> <span class='ocrx_word' id='word_1_422' title='bbox 2572 3449 2727 3513; x_wconf 76' lang='lat' dir='ltr'><strong>¹†Et</strong></span> <span class='ocrx_word' id='word_1_423' title='bbox 2749 3468 2884 3509; x_wconf 79' lang='lat' dir='ltr'>cum</span> <span class='ocrx_word' id='word_1_424' title='bbox 2935 3463 3286 3522; x_wconf 76' lang='lat' dir='ltr'>uestimenta</span> <span class='ocrx_word' id='word_1_425' title='bbox 3334 3472 3393 3522; x_wconf 77' lang='lat' dir='ltr'>et</span> 
     </span>
    </p>
   </div>
   <div class='ocr_carea' id='block_1_25' title="bbox 2101 3543 2796 4541">
    <p class='ocr_par' dir='ltr' id='par_1_34' title="bbox 2182 3543 2678 3714">
     <span class='ocr_line' id='line_1_103' title="bbox 2182 3543 2678 3620; baseline 0.002 -19"><span class='ocrx_word' id='word_1_426' title='bbox 2182 3543 2678 3620; x_wconf 87' lang='lat' dir='ltr'>adpropinquaret</span> 
     </span>
     <span class='ocr_line' id='line_1_104' title="bbox 2182 3636 2575 3714; baseline 0 -19"><span class='ocrx_word' id='word_1_427' title='bbox 2182 3636 2575 3714; x_wconf 87' lang='lat' dir='ltr'>hierosolyma</span> 
     </span>
    </p>

    <p class='ocr_par' dir='ltr' id='par_1_35' title="bbox 2101 3728 2759 4181">
     <span class='ocr_line' id='line_1_105' title="bbox 2179 3728 2718 3806; baseline -0.006 -16"><span class='ocrx_word' id='word_1_428' title='bbox 2179 3740 2238 3790; x_wconf 90' lang='lat' dir='ltr'>et</span> <span class='ocrx_word' id='word_1_429' title='bbox 2267 3729 2537 3806; x_wconf 87' lang='lat' dir='ltr'>bethfage</span> <span class='ocrx_word' id='word_1_430' title='bbox 2565 3760 2580 3775; x_wconf 90' lang='lat'><strong>·</strong></span> <span class='ocrx_word' id='word_1_431' title='bbox 2639 3728 2718 3788; x_wconf 88' lang='lat' dir='ltr'>Et</span> 
     </span>
     <span class='ocr_line' id='line_1_106' title="bbox 2180 3822 2759 3882; baseline 0 0"><span class='ocrx_word' id='word_1_432' title='bbox 2180 3823 2454 3882; x_wconf 86' lang='lat' dir='ltr'>bethania</span> <span class='ocrx_word' id='word_1_433' title='bbox 2512 3822 2589 3882; x_wconf 86' lang='lat' dir='ltr'>ad</span> <span class='ocrx_word' id='word_1_434' title='bbox 2615 3840 2759 3882; x_wconf 90' lang='lat' dir='ltr'>mon</span> 
     </span>
     <span class='ocr_line' id='line_1_107' title="bbox 2101 3917 2558 3988; baseline -0.004 -11"><span class='ocrx_word' id='word_1_435' title='bbox 2101 3983 2105 3988; x_wconf 20' lang='lat'><strong><em>⁶</em></strong></span> <span class='ocrx_word' id='word_1_436' title='bbox 2178 3927 2298 3977; x_wconf 86' lang='lat' dir='ltr'>tem</span> <span class='ocrx_word' id='word_1_437' title='bbox 2327 3917 2524 3976; x_wconf 88' lang='lat' dir='ltr'>oliueti</span> <span class='ocrx_word' id='word_1_438' title='bbox 2544 3948 2558 3963; x_wconf 95' lang='lat'><strong>·</strong></span> 
     </span>
     <span class='ocr_line' id='line_1_108' title="bbox 2176 4011 2633 4070; baseline 0.002 -1"><span class='ocrx_word' id='word_1_439' title='bbox 2176 4012 2363 4070; x_wconf 91' lang='lat' dir='ltr'>mittet</span> <span class='ocrx_word' id='word_1_440' title='bbox 2381 4011 2530 4070; x_wconf 89' lang='lat' dir='ltr'>duos</span> <span class='ocrx_word' id='word_1_441' title='bbox 2559 4028 2633 4070; x_wconf 84' lang='lat' dir='ltr'>ex</span> 
     </span>
     <span class='ocr_line' id='line_1_109' title="bbox 2177 4104 2613 4181; baseline 0 -17"><span class='ocrx_word' id='word_1_442' title='bbox 2177 4104 2472 4181; x_wconf 75' lang='lat' dir='ltr'>discipuiis</span> <span class='ocrx_word' id='word_1_443' title='bbox 2495 4104 2613 4164; x_wconf 89' lang='lat' dir='ltr'>suis</span> 
     </span>
    </p>

    <p class='ocr_par' dir='ltr' id='par_1_36' title="bbox 2175 4195 2796 4369">
     <span class='ocr_line' id='line_1_110' title="bbox 2175 4195 2796 4259; baseline -0.003 0"><span class='ocrx_word' id='word_1_444' title='bbox 2175 4195 2199 4230; x_wconf 80' lang='lat'>²</span> <span class='ocrx_word' id='word_1_445' title='bbox 2219 4208 2278 4259; x_wconf 91' lang='lat' dir='ltr'>et</span> <span class='ocrx_word' id='word_1_446' title='bbox 2305 4198 2382 4257; x_wconf 91' lang='lat' dir='ltr'>ait</span> <span class='ocrx_word' id='word_1_447' title='bbox 2410 4198 2518 4258; x_wconf 87' lang='lat' dir='ltr'>illis</span> <span class='ocrx_word' id='word_1_448' title='bbox 2542 4229 2556 4245; x_wconf 92' lang='lat'><strong>·</strong></span> <span class='ocrx_word' id='word_1_449' title='bbox 2620 4199 2708 4259; x_wconf 90' lang='lat' dir='ltr'>Ite</span> <span class='ocrx_word' id='word_1_450' title='bbox 2736 4198 2796 4258; x_wconf 90' lang='lat' dir='ltr'>in</span> 
     </span>
     <span class='ocr_line' id='line_1_111' title="bbox 2178 4292 2633 4369; baseline 0 -18"><span class='ocrx_word' id='word_1_451' title='bbox 2178 4292 2484 4351; x_wconf 89' lang='lat' dir='ltr'>castellum</span> <span class='ocrx_word' id='word_1_452' title='bbox 2530 4294 2633 4369; x_wconf 91' lang='lat' dir='ltr'>qui</span> 
     </span>
    </p>

    <p class='ocr_par' dir='ltr' id='par_1_37' title="bbox 2178 4397 2671 4447">
     <span class='ocr_line' id='line_1_112' title="bbox 2178 4397 2671 4447; baseline 0.004 -2"><span class='ocrx_word' id='word_1_453' title='bbox 2178 4397 2265 4445; x_wconf 92' lang='lat' dir='ltr'>est</span> <span class='ocrx_word' id='word_1_454' title='bbox 2292 4397 2497 4446; x_wconf 92' lang='lat' dir='ltr'>contra</span> <span class='ocrx_word' id='word_1_455' title='bbox 2523 4405 2635 4447; x_wconf 90' lang='lat' dir='ltr'>uos</span> <span class='ocrx_word' id='word_1_456' title='bbox 2657 4419 2671 4434; x_wconf 92' lang='lat'><strong>·</strong></span> 
     </span>
    </p>

    <p class='ocr_par' dir='ltr' id='par_1_38' title="bbox 2176 4481 2612 4541">
     <span class='ocr_line' id='line_1_113' title="bbox 2176 4481 2612 4541; baseline 0.002 -1"><span class='ocrx_word' id='word_1_457' title='bbox 2176 4493 2235 4540; x_wconf 91' lang='lat' dir='ltr'>et</span> <span class='ocrx_word' id='word_1_458' title='bbox 2257 4481 2612 4541; x_wconf 88' lang='lat' dir='ltr'>introeuntes</span> 
     </span>
    </p>
   </div>
   <div class='ocr_carea' id='block_1_26' title="bbox 1330 3542 1943 4541">
    <p class='ocr_par' dir='ltr' id='par_1_39' title="bbox 1330 3542 1885 3619">
     <span class='ocr_line' id='line_1_114' title="bbox 1330 3542 1885 3619; baseline 0.004 -18"><span class='ocrx_word' id='word_1_459' title='bbox 1330 3542 1360 3576; x_wconf 74' lang='lat'>¹⁸²</span> <span class='ocrx_word' id='word_1_460' title='bbox 1378 3543 1553 3602; x_wconf 88' lang='lat' dir='ltr'>ierico</span> <span class='ocrx_word' id='word_1_461' title='bbox 1573 3574 1588 3589; x_wconf 91' lang='lat'><strong>·</strong></span> <span class='ocrx_word' id='word_1_462' title='bbox 1653 3552 1711 3601; x_wconf 91' lang='lat' dir='ltr'>et</span> <span class='ocrx_word' id='word_1_463' title='bbox 1737 3543 1885 3619; x_wconf 89' lang='lat' dir='ltr'>profi</span> 
     </span>
    </p>

    <p class='ocr_par' dir='ltr' id='par_1_40' title="bbox 1330 3636 1943 4541">
     <span class='ocr_line' id='line_1_115' title="bbox 1330 3636 1886 3699; baseline 0.004 -2"><span class='ocrx_word' id='word_1_464' title='bbox 1330 3636 1361 3670; x_wconf 82' lang='grc'><strong><em>*</em></strong></span> <span class='ocrx_word' id='word_1_465' title='bbox 1379 3637 1618 3697; x_wconf 90' lang='lat' dir='ltr'>ciscenti</span> <span class='ocrx_word' id='word_1_466' title='bbox 1646 3654 1719 3697; x_wconf 91' lang='lat' dir='ltr'>eo</span> <span class='ocrx_word' id='word_1_467' title='bbox 1749 3638 1886 3699; x_wconf 89' lang='lat' dir='ltr'>inde</span> 
     </span>
     <span class='ocr_line' id='line_1_116' title="bbox 1376 3729 1841 3807; baseline -0.002 -16"><span class='ocrx_word' id='word_1_468' title='bbox 1376 3748 1513 3791; x_wconf 90' lang='lat' dir='ltr'>cum</span> <span class='ocrx_word' id='word_1_469' title='bbox 1546 3729 1841 3807; x_wconf 90' lang='lat' dir='ltr'>discipulis</span> 
     </span>
     <span class='ocr_line' id='line_1_117' title="bbox 1376 3825 1832 3884; baseline 0 0"><span class='ocrx_word' id='word_1_470' title='bbox 1376 3825 1494 3884; x_wconf 88' lang='lat' dir='ltr'>suis</span> <span class='ocrx_word' id='word_1_471' title='bbox 1514 3855 1528 3870; x_wconf 94' lang='lat'><strong>·</strong></span> <span class='ocrx_word' id='word_1_472' title='bbox 1587 3831 1646 3884; x_wconf 91' lang='lat' dir='ltr'>et</span> <span class='ocrx_word' id='word_1_473' title='bbox 1665 3825 1832 3884; x_wconf 88' lang='lat' dir='ltr'>turba</span> 
     </span>
     <span class='ocr_line' id='line_1_118' title="bbox 1374 3917 1867 3995; baseline 0.006 -20"><span class='ocrx_word' id='word_1_474' title='bbox 1374 3917 1620 3995; x_wconf 86' lang='lat' dir='ltr'>plurima</span> <span class='ocrx_word' id='word_1_475' title='bbox 1643 3949 1658 3965; x_wconf 92' lang='lat'><strong>·</strong></span> <span class='ocrx_word' id='word_1_476' title='bbox 1719 3918 1867 3979; x_wconf 90' lang='lat' dir='ltr'>filius</span> 
     </span>
     <span class='ocr_line' id='line_1_119' title="bbox 1373 4012 1868 4073; baseline 0.008 -4"><span class='ocrx_word' id='word_1_477' title='bbox 1373 4012 1583 4071; x_wconf 89' lang='lat' dir='ltr'>timeae</span> <span class='ocrx_word' id='word_1_478' title='bbox 1605 4012 1868 4073; x_wconf 88' lang='lat' dir='ltr'>baritime</span> 
     </span>
     <span class='ocr_line' id='line_1_120' title="bbox 1373 4106 1933 4166; baseline 0.004 -2"><span class='ocrx_word' id='word_1_479' title='bbox 1373 4123 1440 4164; x_wconf 90' lang='lat' dir='ltr'>as</span> <span class='ocrx_word' id='word_1_480' title='bbox 1469 4124 1681 4165; x_wconf 89' lang='lat' dir='ltr'>caecus</span> <span class='ocrx_word' id='word_1_481' title='bbox 1705 4137 1719 4152; x_wconf 95' lang='lat'><strong>·</strong></span> <span class='ocrx_word' id='word_1_482' title='bbox 1782 4106 1933 4166; x_wconf 90' lang='lat' dir='ltr'>Sede</span> 
     </span>
     <span class='ocr_line' id='line_1_121' title="bbox 1373 4199 1854 4259; baseline 0.002 -1"><span class='ocrx_word' id='word_1_483' title='bbox 1373 4199 1473 4258; x_wconf 92' lang='lat' dir='ltr'>bat</span> <span class='ocrx_word' id='word_1_484' title='bbox 1500 4217 1668 4258; x_wconf 90' lang='lat' dir='ltr'>secus</span> <span class='ocrx_word' id='word_1_485' title='bbox 1696 4199 1854 4259; x_wconf 87' lang='lat' dir='ltr'>uiam</span> 
     </span>
     <span class='ocr_line' id='line_1_122' title="bbox 1371 4292 1752 4351; baseline 0.005 -2"><span class='ocrx_word' id='word_1_486' title='bbox 1371 4292 1714 4351; x_wconf 90' lang='lat' dir='ltr'>mendicans</span> <span class='ocrx_word' id='word_1_487' title='bbox 1739 4323 1752 4339; x_wconf 92' lang='lat'><strong>·</strong></span> 
     </span>
     <span class='ocr_line' id='line_1_123' title="bbox 1372 4384 1943 4463; baseline 0.005 -20"><span class='ocrx_word' id='word_1_488' title='bbox 1372 4384 1415 4419; x_wconf 77' lang='lat'>⁴⁷</span> <span class='ocrx_word' id='word_1_489' title='bbox 1434 4385 1510 4444; x_wconf 90' lang='lat' dir='ltr'>Et</span> <span class='ocrx_word' id='word_1_490' title='bbox 1538 4386 1781 4446; x_wconf 90' lang='lat' dir='ltr'>audiens</span> <span class='ocrx_word' id='word_1_491' title='bbox 1807 4387 1943 4463; x_wconf 89' lang='lat' dir='ltr'>quia</span> 
     </span>
     <span class='ocr_line' id='line_1_124' title="bbox 1373 4479 1923 4541; baseline 0.009 -5"><span class='ocrx_word' id='word_1_492' title='bbox 1373 4479 1461 4538; x_wconf 82' lang='lat' dir='ltr'>ihs</span> <span class='ocrx_word' id='word_1_493' title='bbox 1491 4490 1808 4541; x_wconf 69' lang='lat' dir='ltr'>nazoreflus</span> <span class='ocrx_word' id='word_1_494' title='bbox 1837 4491 1923 4541; x_wconf 86' lang='lat' dir='ltr'>est</span> 
     </span>
    </p>
   </div>
   <div class='ocr_carea' id='block_1_27' title="bbox 2927 3556 3560 4478">
    <p class='ocr_par' dir='ltr' id='par_1_41' title="bbox 2937 3556 3374 3632">
     <span class='ocr_line' id='line_1_125' title="bbox 2937 3556 3374 3632; baseline -0.002 -17"><span class='ocrx_word' id='word_1_495' title='bbox 2937 3556 3085 3615; x_wconf 90' lang='lat' dir='ltr'>sedit</span> <span class='ocrx_word' id='word_1_496' title='bbox 3106 3574 3280 3632; x_wconf 91' lang='lat' dir='ltr'>super</span> <span class='ocrx_word' id='word_1_497' title='bbox 3301 3562 3374 3615; x_wconf 79' lang='lat' dir='ltr'>eii</span> 
     </span>
    </p>

    <p class='ocr_par' dir='ltr' id='par_1_42' title="bbox 2933 3647 3560 3802">
     <span class='ocr_line' id='line_1_126' title="bbox 2934 3647 3560 3711; baseline 0.01 -6"><span class='ocrx_word' id='word_1_498' title='bbox 2934 3650 2954 3681; x_wconf 81' lang='lat'><strong>⁸</strong></span> <span class='ocrx_word' id='word_1_499' title='bbox 2972 3647 3048 3709; x_wconf 90' lang='lat' dir='ltr'>Et</span> <span class='ocrx_word' id='word_1_500' title='bbox 3077 3649 3244 3709; x_wconf 90' lang='lat' dir='ltr'>multi</span> <span class='ocrx_word' id='word_1_501' title='bbox 3272 3651 3560 3711; x_wconf 86' lang='lat' dir='ltr'>uestimen</span> 
     </span>
     <span class='ocr_line' id='line_1_127' title="bbox 2933 3752 3346 3802; baseline 0.002 -1"><span class='ocrx_word' id='word_1_502' title='bbox 2933 3752 2992 3801; x_wconf 92' lang='lat' dir='ltr'>ta</span> <span class='ocrx_word' id='word_1_503' title='bbox 3020 3762 3124 3802; x_wconf 92' lang='lat' dir='ltr'>sua</span> <span class='ocrx_word' id='word_1_504' title='bbox 3153 3753 3346 3802; x_wconf 89' lang='lat' dir='ltr'>sterne</span> 
     </span>
    </p>

    <p class='ocr_par' dir='ltr' id='par_1_43' title="bbox 2927 3837 3506 4270">
     <span class='ocr_line' id='line_1_128' title="bbox 2931 3837 3506 3896; baseline 0.003 -2"><span class='ocrx_word' id='word_1_505' title='bbox 2931 3837 3075 3894; x_wconf 88' lang='lat' dir='ltr'>bant</span> <span class='ocrx_word' id='word_1_506' title='bbox 3103 3837 3163 3895; x_wconf 88' lang='lat' dir='ltr'>in</span> <span class='ocrx_word' id='word_1_507' title='bbox 3191 3837 3288 3895; x_wconf 91' lang='lat' dir='ltr'>uia</span> <span class='ocrx_word' id='word_1_508' title='bbox 3311 3870 3324 3884; x_wconf 93' lang='lat'><strong>·</strong></span> <span class='ocrx_word' id='word_1_509' title='bbox 3390 3837 3506 3896; x_wconf 90' lang='lat' dir='ltr'>Alii</span> 
     </span>
     <span class='ocr_line' id='line_1_129' title="bbox 2928 3929 3390 3990; baseline 0.002 -1"><span class='ocrx_word' id='word_1_510' title='bbox 2928 3940 3125 3989; x_wconf 89' lang='lat' dir='ltr'>autem</span> <span class='ocrx_word' id='word_1_511' title='bbox 3152 3929 3390 3990; x_wconf 84' lang='lat' dir='ltr'>frondes</span> 
     </span>
     <span class='ocr_line' id='line_1_130' title="bbox 2929 4024 3413 4084; baseline 0.002 -2"><span class='ocrx_word' id='word_1_512' title='bbox 2929 4024 3216 4083; x_wconf 88' lang='lat' dir='ltr'>cedebant</span> <span class='ocrx_word' id='word_1_513' title='bbox 3245 4024 3319 4084; x_wconf 91' lang='lat' dir='ltr'>de</span> <span class='ocrx_word' id='word_1_514' title='bbox 3348 4043 3413 4083; x_wconf 88' lang='lat' dir='ltr'>ar</span> 
     </span>
     <span class='ocr_line' id='line_1_131' title="bbox 2928 4117 3426 4177; baseline 0.002 -1"><span class='ocrx_word' id='word_1_515' title='bbox 2928 4117 3165 4177; x_wconf 88' lang='lat' dir='ltr'>boribus</span> <span class='ocrx_word' id='word_1_516' title='bbox 3223 4128 3281 4176; x_wconf 90' lang='lat' dir='ltr'>et</span> <span class='ocrx_word' id='word_1_517' title='bbox 3308 4127 3426 4177; x_wconf 90' lang='lat' dir='ltr'>ster</span> 
     </span>
     <span class='ocr_line' id='line_1_132' title="bbox 2927 4211 3394 4270; baseline 0.002 -2"><span class='ocrx_word' id='word_1_518' title='bbox 2927 4213 3148 4270; x_wconf 88' lang='lat' dir='ltr'>nebant</span> <span class='ocrx_word' id='word_1_519' title='bbox 3174 4212 3234 4269; x_wconf 90' lang='lat' dir='ltr'>in</span> <span class='ocrx_word' id='word_1_520' title='bbox 3262 4211 3359 4269; x_wconf 87' lang='lat' dir='ltr'>uia</span> <span class='ocrx_word' id='word_1_521' title='bbox 3381 4243 3394 4258; x_wconf 91' lang='lat'><strong>·</strong></span> 
     </span>
    </p>

    <p class='ocr_par' dir='ltr' id='par_1_44' title="bbox 2927 4305 3500 4478">
     <span class='ocr_line' id='line_1_133' title="bbox 2927 4305 3500 4383; baseline 0.002 -20"><span class='ocrx_word' id='word_1_522' title='bbox 2927 4305 2949 4339; x_wconf 81' lang='lat'><strong>⁹</strong></span> <span class='ocrx_word' id='word_1_523' title='bbox 2966 4305 3043 4364; x_wconf 92' lang='lat' dir='ltr'>Et</span> <span class='ocrx_word' id='word_1_524' title='bbox 3070 4305 3170 4382; x_wconf 91' lang='lat' dir='ltr'>qui</span> <span class='ocrx_word' id='word_1_525' title='bbox 3198 4305 3500 4383; x_wconf 87' lang='lat' dir='ltr'>praeibant</span> 
     </span>
     <span class='ocr_line' id='line_1_134' title="bbox 2928 4400 3404 4478; baseline -0.004 -18"><span class='ocrx_word' id='word_1_526' title='bbox 2928 4409 2986 4460; x_wconf 91' lang='lat' dir='ltr'>et</span> <span class='ocrx_word' id='word_1_527' title='bbox 3015 4400 3404 4478; x_wconf 85' lang='lat' dir='ltr'>sequebantur</span> 
     </span>
    </p>
   </div>
   <div class='ocr_carea' id='block_1_28' title="bbox 515 3558 1211 4477">
    <p class='ocr_par' dir='ltr' id='par_1_45' title="bbox 515 3558 1211 4477">
     <span class='ocr_line' id='line_1_135' title="bbox 515 3558 1098 3635; baseline -0.005 -16"><span class='ocrx_word' id='word_1_528' title='bbox 515 3569 529 3579; x_wconf 85' lang='grc'><strong>“</strong></span> <span class='ocrx_word' id='word_1_529' title='bbox 626 3576 727 3618; x_wconf 87' lang='lat' dir='ltr'>zor</span> <span class='ocrx_word' id='word_1_530' title='bbox 784 3558 1098 3635; x_wconf 84' lang='lat' dir='ltr'>baptizami</span> 
     </span>
     <span class='ocr_line' id='line_1_136' title="bbox 626 3652 1132 3712; baseline 0.002 -1"><span class='ocrx_word' id='word_1_531' title='bbox 626 3653 686 3711; x_wconf 91' lang='lat' dir='ltr'>ni</span> <span class='ocrx_word' id='word_1_532' title='bbox 706 3683 721 3699; x_wconf 92' lang='lat'><strong>·</strong></span> <span class='ocrx_word' id='word_1_533' title='bbox 765 3652 811 3687; x_wconf 81' lang='lat'>⁴⁰</span> <span class='ocrx_word' id='word_1_534' title='bbox 828 3652 1030 3712; x_wconf 91' lang='lat' dir='ltr'>sedere</span> <span class='ocrx_word' id='word_1_535' title='bbox 1057 3669 1132 3712; x_wconf 86' lang='lat' dir='ltr'>au</span> 
     </span>
     <span class='ocr_line' id='line_1_137' title="bbox 626 3746 1135 3805; baseline -0.002 0"><span class='ocrx_word' id='word_1_536' title='bbox 626 3755 743 3805; x_wconf 89' lang='lat' dir='ltr'>tem</span> <span class='ocrx_word' id='word_1_537' title='bbox 773 3746 850 3805; x_wconf 91' lang='lat' dir='ltr'>ad</span> <span class='ocrx_word' id='word_1_538' title='bbox 886 3746 1135 3805; x_wconf 64' lang='lat' dir='ltr'>dextra—</span> 
     </span>
     <span class='ocr_line' id='line_1_138' title="bbox 623 3838 1118 3899; baseline 0.002 -1"><span class='ocrx_word' id='word_1_539' title='bbox 623 3857 820 3899; x_wconf 90' lang='lat' dir='ltr'>meam</span> <span class='ocrx_word' id='word_1_540' title='bbox 844 3870 859 3886; x_wconf 91' lang='lat'><strong>·</strong></span> <span class='ocrx_word' id='word_1_541' title='bbox 920 3838 1015 3899; x_wconf 92' lang='lat' dir='ltr'>uel</span> <span class='ocrx_word' id='word_1_542' title='bbox 1044 3838 1118 3899; x_wconf 90' lang='lat' dir='ltr'>ad</span> 
     </span>
     <span class='ocr_line' id='line_1_139' title="bbox 626 3934 1132 3994; baseline 0 -3"><span class='ocrx_word' id='word_1_543' title='bbox 626 3934 915 3994; x_wconf 87' lang='lat' dir='ltr'>sinistram</span> <span class='ocrx_word' id='word_1_544' title='bbox 936 3964 951 3979; x_wconf 91' lang='lat'><strong>·</strong></span> <span class='ocrx_word' id='word_1_545' title='bbox 1011 3951 1132 3992; x_wconf 90' lang='lat' dir='ltr'>non</span> 
     </span>
     <span class='ocr_line' id='line_1_140' title="bbox 624 4026 1101 4088; baseline 0 -2"><span class='ocrx_word' id='word_1_546' title='bbox 624 4037 712 4086; x_wconf 90' lang='lat' dir='ltr'>est</span> <span class='ocrx_word' id='word_1_547' title='bbox 739 4046 936 4088; x_wconf 90' lang='lat' dir='ltr'>meum</span> <span class='ocrx_word' id='word_1_548' title='bbox 964 4026 1101 4086; x_wconf 88' lang='lat' dir='ltr'>dare</span> 
     </span>
     <span class='ocr_line' id='line_1_141' title="bbox 624 4121 1074 4198; baseline 0.002 -18"><span class='ocrx_word' id='word_1_549' title='bbox 624 4121 729 4180; x_wconf 89' lang='lat' dir='ltr'>sed</span> <span class='ocrx_word' id='word_1_550' title='bbox 756 4121 969 4198; x_wconf 88' lang='lat' dir='ltr'>quibus</span> <span class='ocrx_word' id='word_1_551' title='bbox 997 4139 1074 4198; x_wconf 89' lang='lat' dir='ltr'>pa</span> 
     </span>
     <span class='ocr_line' id='line_1_142' title="bbox 622 4224 959 4273; baseline 0 0"><span class='ocrx_word' id='word_1_552' title='bbox 622 4224 813 4273; x_wconf 87' lang='lat' dir='ltr'>ratum</span> <span class='ocrx_word' id='word_1_553' title='bbox 837 4225 927 4273; x_wconf 91' lang='lat' dir='ltr'>est</span> <span class='ocrx_word' id='word_1_554' title='bbox 944 4245 959 4261; x_wconf 91' lang='lat'><strong>·</strong></span> 
     </span>
     <span class='ocr_line' id='line_1_143' title="bbox 622 4305 1211 4391; baseline -0.002 -25"><span class='ocrx_word' id='word_1_555' title='bbox 622 4305 665 4341; x_wconf 86' lang='lat'>⁴¹</span> <span class='ocrx_word' id='word_1_556' title='bbox 685 4307 825 4380; x_wconf 90' lang='lat' dir='ltr'>Quo</span> <span class='ocrx_word' id='word_1_557' title='bbox 852 4308 1049 4391; x_wconf 76' lang='lat' dir='ltr'>audito</span> <span class='ocrx_word' id='word_1_558' title='bbox 1076 4315 1211 4368; x_wconf 82' lang='lat' dir='ltr'>cete</span> 
     </span>
     <span class='ocr_line' id='line_1_144' title="bbox 622 4402 1101 4477; baseline 0.006 -19"><span class='ocrx_word' id='word_1_559' title='bbox 622 4402 668 4459; x_wconf 91' lang='lat' dir='ltr'>ri</span> <span class='ocrx_word' id='word_1_560' title='bbox 698 4402 902 4462; x_wconf 91' lang='lat' dir='ltr'>decem</span> <span class='ocrx_word' id='word_1_561' title='bbox 934 4402 1101 4477; x_wconf 83' lang='lat' dir='ltr'>indig</span> 
     </span>
    </p>
   </div>
   <div class='ocr_carea' id='block_1_29' title="bbox 2074 520 2132 4620">
    <p class='ocr_par' dir='ltr' id='par_1_46' title="bbox 2074 520 2132 4620">
     <span class='ocr_line' id='line_1_145' title="bbox 2074 520 2132 4620; baseline 0 0"><span class='ocrx_word' id='word_1_562' title='bbox 2074 520 2132 4620; x_wconf 95' lang='lat' dir='ltr'> </span> 
     </span>
    </p>
   </div>
  </div>
 </body>
</html>
