4414 4917
342 515 482 564 l’ol.
501 515 619 567 1⁷0.
644 512 848 573 tulistis
867 545 882 560 .

644 351 785 401 VIII.
808 350 1009 400 20—1X.
1036 345 1112 410 8.]

967 523 1026 572 at
1050 512 1130 572 illi

642 606 911 667 dixerunt
938 617 1160 684 septem
1186 638 1200 653 ·

1973 338 2276 403 MARC‚
2303 368 2317 383 ·

1395 513 1439 548 ²⁸
1460 512 1910 591 Responderunt
1938 515 1991 574 ei

1394 607 1649 667 dicentes
1669 639 1683 654 ·

640 698 763 760 ”et
789 703 869 760 ait
893 701 1004 761 illis
1077 717 1301 777 quomo
1391 702 1733 778 baptistam·
1794 702 1888 760 alii
1917 719 1992 760 au

640 793 718 855 do
749 813 872 854 non
899 794 1184 854 intellexis

639 889 710 948 tis
730 920 744 935 ·
767 921 781 936 ·
803 920 817 935 ·
836 890 882 924 ²²
897 889 975 948 Et
1001 898 1285 948 uenerunt

641 983 701 1041 in
729 982 1064 1042 bethaniam
1118 991 1176 1041 et

639 1075 904 1135 adferunt
931 1076 1005 1135 ad
1033 1075 1131 1135 inu

638 1189 843 1230 cecum
871 1179 928 1230 et
949 1188 1094 1247 roga

637 1265 777 1323 bant
803 1283 939 1324 eum
968 1274 1033 1322 ut
1057 1269 1132 1323 eti

636 1367 898 1433 tangeret
920 1388 935 1403 ·
977 1355 1021 1390 ²³
1040 1357 1120 1416 Et
1146 1357 1222 1416 ad

636 1452 940 1531 prehendit
967 1458 1144 1511 manti

638 1548 764 1606 eius
832 1556 890 1605 et
916 1546 1047 1605 eicit
1074 1546 1173 1604 inu

639 1652 801 1701 extra
828 1640 1128 1700 castellum
1150 1671 1165 1686 ·

637 1734 715 1793 Et
742 1752 880 1794 cum
907 1734 1203 1811 expuisse-„t

640 1829 701 1888 in
728 1827 932 1889 oculos
956 1829 1084 1887 eius
1113 1829 1172 1886 in

641 1941 870 2000 ponens
899 1922 977 1980 illi
1005 1927 1186 1981 manu
1204 1952 1219 1968 ·

639 2017 1028 2093 interrogabat
1056 2021 1130 2075 eii
1153 2047 1167 2062 ·

640 2130 715 2170 an
744 2110 960 2188 aliquid
987 2111 1123 2170 uide

639 2215 724 2264 ret
746 2237 761 2252 ·
832 2207 876 2240 ²⁴
892 2215 951 2264 et
978 2205 1265 2282 aspiciens

642 2300 718 2360 ait
745 2299 918 2359 uideo
947 2298 1110 2357 homi

640 2412 745 2453 nes
771 2403 837 2453 ut
863 2394 1098 2453 arbores

643 2527 1007 2586 ambulantes
1028 2557 1041 2571 ·
1126 2523 1171 2558 ²⁸
1186 2535 1245 2584 et

643 2620 849 2680 iterum
874 2619 1132 2698 inposuit

644 2732 886 2774 manum
923 2732 1099 2793 super

642 2809 845 2869 oculos
871 2808 997 2867 eius
1064 2817 1121 2866 et
1148 2806 1204 2866 fe

645 2903 721 2962 cit
746 2902 907 2960 illum
935 2901 1129 2960 uidere
1154 2931 1169 2947 ·
1194 2932 1207 2947 ·

642 2993 718 3054 Et
744 2995 1033 3055 restitutus
1059 3004 1147 3054 est

643 3089 722 3149 ita
750 3100 814 3148 ut
842 3089 1062 3149 uideret
1090 3088 1180 3148 cla

644 3203 705 3243 re
733 3185 933 3244 omnia
952 3215 967 3231 ·
1051 3181 1093 3216 ²⁸
1108 3183 1187 3241 Et
1212 3181 1295 3241 mi

643 3278 716 3337 sit
742 3279 904 3338 illum
930 3279 993 3335 in
1021 3277 1205 3336 domii

639 3390 808 3432 suam
836 3372 1036 3432 dicens
1059 3403 1074 3419 ·
1156 3389 1235 3430 ua

642 3466 715 3526 de
743 3467 803 3525 in
834 3466 1078 3526 domum
1104 3476 1256 3524 tua*
1283 3496 1300 3512 ·

640 3570 698 3619 et
726 3560 944 3620 nemini
973 3561 1033 3618 in
1062 3578 1163 3620 cas

639 3654 776 3714 tello
804 3651 1014 3714 dixeris
1033 3686 1046 3700 ·
1069 3680 1152 3704 m

579 3751 614 3790 *
643 3747 688 3782 ¹⁷
703 3748 1005 3809 Profectus
1032 3759 1119 3808 est
1147 3758 1330 3809 aute-

580 3844 615 3883 *
641 3844 731 3903 ihs
759 3853 816 3902 et
845 3844 1112 3922 discipuli

580 3938 615 3977 *
644 3938 770 3998 eius
852 3956 1183 3998 caesaream

582 4033 617 4073 ²⁸⁸
642 4032 824 4110 filippi
848 4064 863 4079 ·
932 4032 1010 4091 Et
1038 4033 1099 4091 in
1126 4033 1225 4092 uia

641 4128 1032 4203 interrogabat
1058 4126 1149 4188 dis

644 4220 868 4298 cipulos
896 4239 1036 4280 suos
1064 4222 1122 4280 di

642 4333 782 4375 cens
801 4346 815 4361 ·
900 4334 1076 4392 quem
1104 4335 1201 4377 me

644 4407 843 4469 dicunt
870 4427 997 4470 esse
1027 4409 1296 4472 homines

1393 805 1511 853 tem
1540 794 1749 854 heliam
1774 826 1788 841 ·
1873 794 1968 854 alii

1391 906 1534 947 uero
1561 890 1727 966 quasi
1756 907 1942 947 unum

1390 981 1463 1041 de
1491 982 1728 1060 profetis
1752 1015 1765 1029 ·
1791 1014 1805 1030 ·
1849 984 1894 1017 ²⁹
1910 983 1987 1042 Et

1386 1076 1512 1153 ipse
1540 1077 1915 1154 interrogauit

1387 1188 1491 1229 eos
1512 1201 1526 1217 ·
1613 1169 1742 1229 Uos
1771 1180 1967 1231 autern

1387 1281 1564 1341 quem
1593 1282 1687 1324 me
1715 1263 1905 1326 dicitis
1929 1283 1994 1325 es

1389 1376 1451 1418 se
1472 1391 1485 1405 ·
1550 1359 1629 1417 Et
1656 1377 1870 1437 respon

1385 1452 1531 1512 dens
1557 1463 1757 1530 petrus
1783 1455 1862 1513 ait
1886 1455 1942 1513 ei

1388 1558 1450 1607 tu
1478 1565 1580 1607 es·
1611 1553 1796 1625 1133·-
1848 1548 2069 1608 ³⁰etim

1391 1642 1613 1718 perauit
1642 1642 1726 1701 eis
1754 1652 1817 1701 ut
1845 1661 1918 1704 ne

1392 1736 1536 1794 mini
1563 1736 1782 1796 diceret
1809 1737 1885 1798 de

1393 1847 1457 1889 se
1478 1861 1492 1876 ·
1553 1830 1592 1862 ³¹
1612 1830 1690 1889 Et
1719 1834 1916 1910 coepit
1945 1832 2024 1895 do

1393 1943 1528 1984 cere
1555 1942 1660 1984 eos
1678 1955 1693 1973 ·
1779 1928 1916 2003 quia

1394 2027 1625 2096 oportet
1653 2019 1833 2079 filium

1394 2112 1652 2172 hominis
1680 2114 1865 2174 multa
1891 2133 1971 2192 pa

1394 2207 1436 2265 ti
1461 2238 1475 2253 ·
1560 2216 1618 2265 et
1645 2210 1945 2285 reprobari

1391 2318 1428 2358 a
1456 2300 1781 2361 senioribus
1800 2334 1815 2349 ·
1899 2313 1957 2362 et

1392 2395 1753 2473 principibus
1782 2413 1946 2456 sacer

1395 2525 1600 2587 dotum
1627 2538 1684 2588 et
1713 2529 1920 2589 scribis
1943 2560 1958 2578 ·

1393 2620 1471 2680 Et
1499 2622 1693 2682 occidi
1720 2633 1779 2682 et
1806 2634 1942 2700 post
1959 2633 2075 2684 tres

1395 2715 1521 2775 dies
1549 2734 1847 2793 resurgere

1394 2808 1440 2843 ⁸²
1460 2809 1537 2868 Et
1567 2809 1762 2887 palam
1791 2811 2034 2871 uerbum

1395 2902 1745 2980 loquebatur
1767 2935 1781 2950 ·
1803 2936 1817 2951 ·

1398 2997 1596 3070 Quem
1626 2999 1952 3076 suscipiens

1396 3102 1594 3170 petrus
1621 3094 1819 3169 coepit
1847 3095 1928 3152 ob

1393 3185 1623 3263 iurgare
1642 3218 1656 3233 ·
1728 3187 1770 3219 ’Β
1788 3195 1847 3246 at
1873 3187 1967 3246 ille

1394 3296 1712 3340 conuersus
1740 3291 1799 3339 et
1826 3281 1886 3340 ui

1395 3373 1542 3433 dens
1570 3375 1888 3452 discipulos

1393 3485 1533 3527 suos
1561 3469 1881 3545 increpauit

1392 3571 1621 3640 petrum
1650 3563 1852 3624 dicens
1870 3595 1886 3611 ·

1395 3657 1548 3717 uade
1576 3667 1728 3717 retro
1757 3676 1855 3718 me
1882 3676 1949 3718 sa

1396 3761 1566 3812 tanas
1647 3753 1782 3828 quia
1810 3771 1935 3813 non
1963 3771 2029 3813 sa

1395 3846 1487 3922 pis
1515 3864 1631 3922 que
1664 3845 1725 3905 di
1754 3857 1887 3905 sunt
1915 3848 2019 3908 sed

1397 3957 1546 4016 quae
1574 3939 1880 3999 hominum
1904 3973 1918 3988 ·
1935 3973 2021 3985 —

1395 4033 1440 4068 ⁸⁴
1456 4033 1532 4092 Et
1561 4044 1889 4094 conuocata
1908 4035 2077 4095 turba

1396 4145 1531 4187 curn
1560 4127 1857 4205 discipulis
1886 4147 1955 4189 su

1394 4222 1445 4281 is
1473 4222 1617 4281 dixit
1643 4222 1753 4282 illis
1773 4252 1788 4269 ·
1849 4224 1898 4283 si
1926 4224 2057 4301 quis

1397 4318 1519 4377 uult
1546 4326 1682 4394 post
1695 4327 1853 4395 pest-
1871 4335 1966 4377 me

1394 4411 1560 4489 sequi
1587 4411 1840 4488 abneget
1868 4429 1931 4472 se

1768 607 2022 667 iohanne
2090 664 2093 667 .

2211 516 2323 574 sibi
2390 525 2448 575 et
2475 515 2635 577 tollat
2664 534 2765 576 cru

2210 627 2341 669 cem
2370 627 2539 669 suam
2566 619 2624 670 et
2652 628 2834 687 sequa

2205 713 2297 761 tur
2324 720 2421 763 me
2443 733 2458 749 ·
2522 702 2569 736 ⁸³
2586 705 2683 780 qui
2712 704 2870 764 enim

2204 796 2454 855 uoluerit
2481 797 2742 856 animam

2206 907 2376 949 suam
2404 890 2626 949 saluam
2656 890 2784 950 face

2204 1000 2266 1041 re
2296 984 2498 1060 perdet
2521 984 2682 1043 illam
2707 1016 2719 1029 ·

2206 1076 2327 1149 Qui
2356 1087 2552 1137 autem
2579 1078 2825 1155 perdide

2205 1170 2278 1229 rit
2306 1181 2540 1249 propter
2565 1190 2663 1231 me

2204 1274 2264 1323 et
2291 1273 2529 1341 propter
2555 1283 2706 1324 euan

2204 1359 2422 1435 gelium
2449 1358 2671 1419 saluam
2701 1359 2757 1419 fa

2205 1453 2319 1511 ciet
2345 1452 2502 1512 illam
2526 1485 2540 1500 ·
2599 1454 2644 1486 ⁸⁶
2659 1453 2799 1530 quid

2192 1557 2401 1606 ,autem
2431 1547 2670 1624 prodest
2697 1547 2777 1607 ho

2204 1640 2352 1699 mini
2380 1641 2427 1700 si
2455 1640 2704 1701 lucretur

2206 1751 2450 1794 omnem
2478 1735 2752 1794 mundu-
2769 1766 2784 1782 ·

2207 1837 2266 1886 et
2292 1827 2706 1887 detrimentum

2206 1923 2455 1998 patiatur
2481 1923 2677 1980 anime
2708 1939 2846 1981 suae
2867 1953 2881 1968 ·

2206 2014 2455 2088 ⁸⁷Quam
2472 2015 2631 2074 enirn
2652 2015 2813 2074 dabit
2832 2015 2912 2075 ho

2209 2128 2312 2169 mo
2340 2109 2721 2169 commutatio

2209 2221 2347 2263 nem
2374 2219 2485 2279 pro
2514 2203 2711 2262 anima
2739 2220 2845 2261 sua

2209 2296 2254 2329 ⁸⁸
2274 2296 2394 2369 Qui
2415 2305 2611 2355 autem
2630 2295 2914 2356 confusus

2211 2390 2273 2449 in
2301 2408 2397 2449 me
2425 2390 2595 2450 fuerit
2656 2399 2714 2450 et
2740 2408 2846 2450 uer

2211 2522 2288 2583 ba
2316 2541 2449 2583 mea
2479 2523 2539 2581 in
2567 2541 2787 2599 genera

2214 2618 2375 2676 tione
2401 2616 2512 2675 hac
2543 2616 2801 2675 adultera

2214 2720 2272 2769 et
2298 2710 2619 2787 peccatrice

2213 2802 2291 2863 Et
2319 2803 2470 2863 filius
2497 2803 2755 2864 hominis

2213 2896 2534 2958 confundet
2562 2915 2697 2956 eum
2717 2927 2732 2944 ·

2215 3010 2352 3051 cum
2381 2992 2605 3051 uenerit
2632 2993 2693 3049 in
2722 3010 2823 3051 ma

2213 3085 2415 3146 iestate
2443 3086 2621 3164 patris
2650 3086 2738 3145 sui

2212 3197 2346 3238 cum
2375 3180 2555 3257 agelis
2584 3180 2699 3240 scis
2721 3210 2737 3228 ·

3540 355 3661 425 123

2959 517 3037 577 Et
3067 516 3224 577 ducit
3251 516 3380 578 illos
3405 517 3469 577 in

2959 620 3225 671 montem
3252 611 3490 672 excelsfi

2958 723 3221 765 seorsum
3253 706 3411 765 solus

2955 798 3034 857 Et
3059 799 3498 877 transfiguratus

2955 903 3043 952 est
3070 910 3270 952 coram
3297 893 3442 969 ipsis

2955 986 2977 1019 ⁸
2994 986 3071 1044 Et
3097 985 3442 1045 uestimenta
3468 987 3594 1046 eius

2955 1079 3112 1139 facta
3139 1090 3272 1138 sunt
3301 1079 3469 1158 splen

2915 1246 2918 1251 .
2959 1172 3097 1233 dida
3123 1182 3181 1232 et
3208 1174 3461 1233 candida

2959 1267 3134 1326 nimis
3162 1267 3317 1326 uelut
3343 1267 3445 1325 nix

2960 1361 3154 1437 qualia
3179 1379 3303 1420 non
3329 1378 3412 1437 po

2956 1463 3067 1513 test
3095 1455 3405 1530 quisquam

2960 1547 3100 1606 fullo
3131 1566 3306 1625 supra
3333 1556 3422 1606 ter

2959 1660 3086 1700 ram
3114 1640 3302 1701 facere
3332 1659 3447 1700 can

2962 1734 3099 1794 dida
3118 1766 3132 1780 ·
3192 1734 3215 1767 ⁴
3232 1734 3309 1792 Et
3335 1735 3502 1795 uisus

2960 1837 3047 1888 est
3076 1827 3184 1887 illis
3211 1827 3394 1886 helias

2961 1940 3098 1982 cum
3126 1938 3330 1997 moyse
3390 1921 3469 1980 Et

2962 2015 3378 2091 conloqueban

2961 2118 3052 2168 tur
3081 2127 3217 2168 cum
3247 2107 3345 2166 ihu
3366 2138 3381 2154 ·

2962 2203 2985 2236 ⁸
3001 2201 3078 2260 Et
3104 2210 3302 2279 petrus
3329 2203 3410 2262 ait
3438 2201 3514 2262 ad

2963 2296 3086 2355 ihm
3109 2326 3124 2341 ·
3187 2295 3353 2354 rabbi

2963 2391 3189 2449 bonum
3216 2397 3303 2447 est
3331 2407 3445 2450 nos

2966 2521 3060 2581 hic
3090 2539 3218 2581 esse
3240 2552 3256 2568 ·
3321 2532 3380 2580 et
3408 2523 3456 2582 si
3485 2523 3576 2582 uis

2967 2616 3251 2675 faciamus
3281 2616 3445 2675 taber

2969 2709 3180 2769 nacula
3207 2710 3315 2768 tria
3337 2740 3352 2756 ·
3415 2710 3520 2769 tibi

2967 2820 3154 2862 unum
3177 2834 3191 2849 ·
3254 2812 3312 2861 et
3341 2804 3534 2880 moysi

2972 2915 3156 2956 unum
3179 2927 3194 2943 ·
3258 2904 3317 2955 et
3344 2896 3494 2956 helie

2971 3009 3156 3050 unum
3179 3021 3193 3036 ·
3263 2990 3286 3023 ⁸
3303 3009 3426 3050 non
3453 2998 3553 3051 eni

2974 3085 3194 3145 sciebat
3220 3083 3362 3160 quid
3388 3084 3450 3144 lo

2973 3189 3240 3256 queretur
3258 3208 3273 3224 ·
3332 3179 3481 3238 timo

2215 3271 2389 3335 o.¹Et
2402 3274 2632 3335 dicebat
2648 3274 2757 3335 illis
2776 3292 2952 3335 amen
2973 3291 3035 3331 re
3064 3273 3223 3331 enim
3251 3272 3461 3330 exterri

2214 3369 2351 3429 dico
2386 3369 2566 3429 uobis
2595 3369 2757 3445 quod

2213 3472 2346 3522 sunt
2374 3462 2612 3540 quidam
2639 3462 2736 3523 hic

2215 3566 2435 3616 stantes
2464 3574 2697 3616 mecum
2721 3588 2735 3603 ·

2216 3651 2319 3728 qui
2348 3660 2453 3708 non
2482 3651 2798 3727 gustabunt

2213 3754 2467 3803 mortem
2485 3774 2500 3789 ·
2561 3743 2755 3804 donec

2214 3838 2454 3898 uideant
2480 3855 2730 3916 regnum

2217 3933 2278 3993 di
2306 3932 2506 3991 uenire
2536 3932 2596 3990 in
2623 3932 2712 3990 uir

2300 4051 2381 4076 m
2401 4034 2521 4085 tute
2539 4051 2622 4077 m

2256 4119 2308 4168 in
2330 4118 2494 4168 sci-um
2517 4119 2570 4168 in
2591 4117 2886 4171 dedecation

2168 4198 2197 4231 *
2219 4199 2334 4258 ¹'Et
2361 4209 2493 4279 post
2528 4199 2652 4259 dies
2680 4218 2783 4259 sex

2166 4292 2196 4326 ¹⁸¹
2218 4293 2428 4354 adsum
2450 4321 2463 4335 ·
2511 4294 2583 4353 sit
2610 4294 2701 4354 ihs

2168 4387 2197 4420 ¹⁸²
2219 4399 2447 4467 petrum
2477 4400 2535 4450 et
2562 4390 2773 4450 iacobu

2216 4494 2274 4543 et
2302 4483 2623 4544 iohannem
2641 4519 2722 4528 —

2969 3366 3012 3424 ti
3040 3375 3204 3424 erant
3226 3395 3241 3411 ·
3325 3364 3348 3397 ⁷
3366 3373 3428 3424 et
3453 3364 3548 3426 fac

2970 3469 3031 3518 ta
3056 3467 3146 3517 est
3173 3459 3358 3517 nubes
3385 3459 3467 3517 ob

2968 3553 3247 3611 umbrans
3277 3550 3407 3611 illos
3430 3582 3446 3598 ·

2970 3645 3048 3704 Et
3075 3645 3234 3704 uenit
3260 3663 3380 3704 uox
3409 3644 3485 3706 de
3513 3665 3595 3708 nu

2969 3741 3046 3799 be
3075 3738 3276 3798 dicens
3357 3738 3453 3799 hic

2973 3843 3061 3894 est
3092 3832 3242 3892 filius
3272 3851 3437 3893 meus

2972 3927 3218 3988 dilectus
3307 3927 3467 3989 hunc

2973 4020 3167 4081 audite
3191 4051 3206 4067 ·
3272 4021 3294 4054 ⁸
3310 4020 3388 4080 Et
3415 4025 3576 4084 conti

2972 4132 3092 4176 nuo
3122 4115 3436 4194 circumspi

2974 4209 3194 4271 cientes
3222 4211 3457 4271 nemine

2977 4302 3227 4380 amplius
3256 4303 3525 4366 uiderunt

2977 4398 3089 4458 nisi
3117 4397 3238 4457 ihm
3268 4398 3396 4460 solu
3426 4408 3565 4463 secu

3237 4513 3275 4554 n
3310 4512 3338 4552 2

3686 514 3810 564 1⁸01.
3833 512 3952 567 1112.
