4414 4917
287 535 404 585 1⁸01.
429 536 510 584 20.

554 352 636 400 lx.
658 346 881 415 ro-35.]

555 532 622 590 In
651 529 835 589 domo
863 530 1025 589 eius·
1101 538 1160 589 et

553 643 687 685 ecce
715 625 882 683 multi
910 642 993 701 pu

557 721 772 799 plicani
801 729 859 778 et
885 737 1000 796 pec

560 825 784 874 catores
811 831 964 872 uene

560 917 693 967 runt
772 917 831 965 et
858 921 1042 967 recu·-

560 1004 777 1063 bebant
804 1021 940 1061 cum
968 1003 1068 1061 ihu

557 1108 617 1157 et
644 1096 942 1174 discipulis
970 1097 1096 1155 eius
1116 1124 1130 1137 ·

556 1190 681 1249 11Εῑ
709 1190 974 1250 uidentes
1001 1191 1108 1250 fari

554 1285 673 1345 saei
701 1285 974 1344 dicebant

553 1379 845 1456 discipulis
865 1379 989 1439 eius
1007 1405 1023 1422 ·

554 1492 732 1550 quare
761 1473 1037 1549 magister

551 1577 743 1628 uester
810 1585 947 1627 cum
973 1586 1056 1644 pu

555 1662 878 1741 plicanibus
908 1671 966 1720 et
1000 1662 1029 1703 5

552 1757 955 1835 peccatoribus

553 1852 874 1911 manducat
891 1877 904 1890 ·
966 1849 1098 1910 1'At
1127 1851 1214 1910 ihs

553 1948 796 2007 audiens
865 1946 943 2004 ait
969 1945 1080 2005 illis
1100 1973 1113 1986 ·

553 2060 676 2101 non
702 2052 791 2100 est
818 2059 1006 2118 opus·
1032 2059 1100 2101 sa

554 2136 641 2193 nis
669 2136 934 2195 medicus
953 2163 965 2176 ·
987 2134 1092 2195 sed

555 2229 706 2289 male
733 2229 1082 2288 habentibus
1106 2255 1119 2268 ·

554 2322 824 2382 ¹³Euntes
851 2332 1049 2382 autem
1077 2322 1168 2381 dis

554 2418 662 2478 cite
689 2416 831 2495 quid
859 2417 931 2476 sit

556 2551 1003 2612 misericordiam

554 2647 689 2706 uolo
717 2657 776 2704 et
803 2664 928 2704 non
957 2645 1106 2705 sacri

554 2741 749 2801 ficium
772 2766 785 2779 ·
835 2758 960 2799 non
989 2748 1086 2799 eni

554 2836 683 2894 ueni
710 2853 925 2894 uocare
953 2835 1043 2895 ius

553 2939 641 2990 tos
669 2929 774 2989 sed
802 2940 1050 3006 peccato

466 3069 473 3076 .
554 3043 676 3086 res·
736 3022 963 3083 “Tunc
995 3041 1065 3082 ae

556 3129 851 3179 cesserunt
880 3118 955 3176 ad
983 3128 1100 3177 eu-

557 3213 816 3291 discipuli
843 3212 1112 3272 iohannis

556 3309 813 3368 dicentes
836 3334 849 3348 ·
911 3325 1092 3383 quare

555 3421 660 3463 nos
689 3412 746 3462 et
773 3401 1025 3480 pharisei

555 3499 871 3558 ieiunamus
899 3495 983 3553 fre

557 3604 795 3670 quenter
814 3618 827 3630 ·
890 3589 1034 3648 disci

558 3688 671 3764 puli
698 3695 895 3745 autem
922 3684 1005 3742 tui

561 3800 676 3841 non
705 3780 997 3840 ieiunant·
1024 3808 1038 3824 ·

557 3874 682 3936 ¹⁶Et
708 3877 786 3935 ait
815 3874 926 3933 illis
955 3874 1044 3932 ihs
1068 3904 1082 3920 ·

557 3970 835 4049 numquid
864 3985 977 4044 pos

560 4077 682 4126 sunt
709 4066 812 4125 filii
844 4079 1000 4139 spon

559 4161 600 4219 si
626 4163 891 4221 ieiunare
916 4189 929 4202 ·
952 4186 967 4202 ·

554 4257 827 4331 quamdiu
858 4268 997 4311 cum

553 4348 647 4413 illis
670 4360 769 4415 est
800 4363 1057 4425 sponsus

1827 336 1961 397 MA
1981 326 2300 396 TTHE&
2317 367 2330 381 ·

1318 527 1571 588 Uenient
1598 536 1792 586 autem
1819 526 1877 584 di

1316 642 1381 682 es
1454 640 1593 682 cum
1621 621 1816 680 aufere

1315 727 1407 776 tur
1434 717 1511 775 ab
1537 717 1620 775 eis
1648 733 1896 791 sponsus

1316 820 1374 869 et
1401 821 1540 869 tunc
1564 810 1905 877 ,ieiunabunt

1315 905 1376 963 in
1404 905 1510 963 illis
1537 904 1770 964 diebus·

1317 998 1360 1032 ¹⁶
1372 999 1567 1058 Nemo
1595 1008 1789 1057 autem
1818 1015 1954 1057 com

1313 1093 1483 1153 mittit
1510 1093 1757 1152 commis

1311 1206 1442 1246 sura
1470 1187 1649 1263 panni
1676 1187 1831 1245 rudis

1307 1282 1368 1339 in
1395 1282 1802 1340 uestimentum

1308 1384 1504 1434 uetus·
1571 1374 1713 1434 tollit

1306 1470 1463 1527 enim
1491 1468 1741 1528 fortitudi

1309 1582 1443 1623 nem
1471 1563 1595 1622 eius
1624 1582 1658 1621 a
1685 1562 1832 1621 uesti

1308 1668 1509 1717 mento
1535 1658 1715 1716 ueteri
1742 1667 1799 1715 et

1308 1753 1468 1828 peior
1497 1752 1558 1810 fit
1587 1753 1833 1811 scissura
1852 1780 1865 1794 ·

1307 1846 1350 1879 ¹⁷
1359 1846 1565 1922 Neque
1594 1847 1822 1917 mittunt
1849 1848 1908 1907 ui

1306 1959 1447 1999 num
1477 1958 1697 2000 nouum
1724 1942 1784 1999 in

1304 2047 1459 2094 utres
1485 2046 1735 2093 ueteres·

1308 2128 1583 2207 Alioquin
1613 2147 1858 2205 rumpen

1307 2233 1396 2281 tur
1423 2234 1580 2281 utres
1653 2233 1711 2281 et
1738 2223 1797 2281 ui

1309 2335 1449 2375 num
1477 2316 1803 2375 effundetur
1822 2341 1835 2356 ·

1306 2556 1363 2604 et
1383 2555 1538 2603 utres
1567 2544 1830 2620 peribunt
1850 2569 1862 2583 ·

1307 2638 1423 2698 Sed
1451 2640 1680 2696 mittunt
1708 2637 1898 2696 uinu-

1306 2752 1526 2793 nouum
1553 2734 1613 2790 in
1640 2743 1795 2791 utres

1307 2845 1496 2888 nouos
1523 2837 1580 2886 et
1608 2827 1785 2886 ambo
1814 2845 1905 2885 ser

1305 2933 1547 2981 uantur·
1604 2919 1694 2990 †¹⁸
1707 2921 1875 2979 Haec

1305 3015 1404 3076 illo
1433 3017 1702 3091 loquente
1731 3016 1845 3074 eis·

1305 3110 1461 3171 Ecce
1491 3112 1761 3188 princeps
1787 3129 1861 3169 ue

1306 3207 1473 3264 niens
1552 3206 1767 3265 accesit

1306 3311 1365 3359 et
1391 3300 1672 3360 adorabat
1698 3317 1833 3358 eum

1305 3394 1505 3453 dicens
1524 3421 1536 3434 ·
1599 3394 1875 3469 quoniam

1308 3489 1424 3547 filia
1451 3507 1583 3548 mea
1612 3489 1792 3548 modo
1823 3488 1897 3547 de

1304 3584 1503 3644 functa
1528 3593 1616 3642 est
1692 3582 1795 3640 sed

1304 3679 1543 3738 ueniens
1570 3678 1787 3754 inpone

1305 3791 1546 3831 manum
1576 3790 1750 3848 super
1776 3783 1888 3831 ea*

1303 3876 1361 3925 et
1386 3868 1542 3925 uiuet
1574 3893 1586 3905 ·
1645 3864 1772 3924 ¹⁹Et
1801 3884 1896 3926 sur

1304 3980 1450 4037 gens
1478 3961 1565 4019 ihs
1594 3978 1769 4036 seque

1304 4057 1471 4116 batur
1497 4074 1631 4115 eum
1660 4073 1795 4114 cum

1306 4150 1599 4227 discipulis
1627 4151 1774 4208 suis·

1303 4244 1434 4305 ²⁰Et
1460 4263 1598 4304 ecce
1627 4245 1829 4304 mulier

1307 4359 1418 4416 que
1447 4339 1741 4416 sanguinis

2123 524 2349 584 fluxum
2378 523 2631 584 habebat

2121 617 2430 678 duodecim
2459 618 2628 677 annis
2646 643 2660 659 ·

2119 711 2435 770 Accedens
2462 723 2618 771 retro

2118 806 2304 882 tetigit
2331 805 2538 864 fimbre

2119 916 2218 956 am
2245 899 2575 958 uestimenti

2116 992 2272 1050 eius·
2335 990 2618 1053 2¹dicebat

2115 1086 2276 1143 enim
2303 1086 2453 1146 intra
2482 1105 2545 1146 se
2565 1114 2577 1127 ·

2117 1178 2164 1236 si
2192 1181 2602 1242 tantummodo

2112 1272 2353 1349 tetigero
2379 1275 2526 1334 uesti

2113 1377 2314 1426 mento
2343 1368 2466 1428 eius
2562 1369 2649 1428 sal

2113 1478 2191 1519 ua
2217 1479 2348 1520 ero·
2409 1459 2658 1522 ”Atille

2112 1571 2429 1613 conuersus
2457 1557 2516 1614 ui

2112 1646 2260 1706 dens
2288 1665 2421 1706 eam
2450 1649 2595 1709 dixit
2618 1675 2631 1688 ·

2113 1739 2410 1801 Constans
2437 1753 2564 1803 esto
2593 1745 2633 1802 fi

2112 1834 2189 1893 lia
2256 1835 2402 1895 fides
2429 1847 2528 1895 tua
2556 1847 2612 1895 te

2111 1928 2338 1986 saluam
2367 1928 2501 1988 fecit
2519 1956 2532 1969 ·
2594 1941 2653 1991 et

2109 2021 2272 2080 salua
2300 2022 2452 2081 facta
2479 2034 2567 2083 est

2110 2115 2314 2173 mulier
2339 2135 2413 2174 ex
2441 2116 2535 2175 illa
2565 2117 2642 2178 ho

2110 2227 2176 2268 ra
2194 2235 2207 2248 ·
2267 2206 2393 2268 ”Et
2414 2228 2549 2269 cum
2579 2229 2650 2269 ue

2112 2302 2290 2362 nisset
2318 2303 2407 2363 ihs
2434 2304 2494 2362 in
2523 2304 2602 2364 do

2109 2548 2274 2589 mum
2302 2532 2580 2608 principis
2601 2558 2614 2571 ·

2107 2624 2313 2683 uidens
2343 2626 2627 2684 tubicines
2646 2653 2660 2667 ·

2105 2729 2163 2777 et
2193 2719 2424 2777 turbam
2453 2719 2637 2778 tumul

2105 2821 2367 2871 tuantem
2445 2812 2677 2874 dicebat
2696 2852 2712 2866 ·

2107 2903 2444 2965 “receditffl
2503 2926 2625 2967 non

2108 3013 2195 3061 est
2225 3002 2382 3060 enim
2411 3013 2639 3062 mortua

2107 3094 2298 3172 puella
2326 3094 2429 3154 sed
2458 3095 2566 3155 dor

2107 3189 2213 3247 mit
2285 3198 2343 3248 et
2376 3188 2571 3247 deride

2107 3285 2248 3342 bant
2276 3301 2412 3341 eum
2484 3280 2614 3342 ²⁶Et
2643 3301 2762 3345 cu-

2104 3378 2255 3436 eicta
2281 3388 2431 3437 esset
2457 3380 2625 3438 turba
2643 3406 2656 3420 ·

2105 3472 2266 3530 uenit
2292 3481 2351 3530 et
2380 3472 2561 3530 tenuit

2107 3582 2354 3624 manum
2382 3566 2507 3624 eius

2106 3669 2165 3718 et
2194 3660 2436 3719 surrexit
2470 3658 2603 3734 puel

2105 3754 2162 3812 la
2234 3751 2347 3811 ²⁶et
2374 3753 2509 3810 exiit
2536 3752 2691 3812 fama

2106 3847 2216 3906 hec
2245 3847 2305 3904 in
2332 3856 2515 3905 totam
2544 3856 2629 3904 ter

2107 3959 2234 4000 ram
2262 3938 2421 3996 illam
2441 3969 2456 3984 ·
2483 3970 2495 3984 ·
2519 3970 2531 3983 ·
2559 3971 2573 3984 ·

2106 4033 2238 4091 27Εῑ
2265 4042 2627 4090 transseunte
2657 4030 2718 4089 in

2107 4127 2178 4186 de
2213 4126 2344 4184 ihu·
2404 4125 2586 4184 secuti

2107 4231 2242 4282 sunt
2270 4238 2404 4279 eum
2433 4220 2551 4279 duo
2581 4218 2736 4279 ceci·

2109 4316 2429 4375 clamantes
2458 4323 2514 4374 et
2542 4314 2713 4373 dicen

2669 4415 2754 4465 tes

3500 355 3572 398 11

2877 524 3147 585 miserere
3178 526 3358 586 nostri

2877 619 2956 677 fili
2984 619 3160 678 dauid
3183 645 3196 660 ·
3260 619 3471 680 ²²³Cum

2874 714 3131 773 uenisset
3158 723 3354 773 autem

2874 807 2936 865 in
2966 808 3210 867 domum
3237 826 3381 867 acce

2873 911 3070 960 serunt
3091 901 3166 960 ad
3194 919 3331 960 eum

2874 996 2997 1054 ceci
3019 1031 3032 1045 ·
3092 1006 3150 1055 et
3179 995 3323 1055 dixit
3351 995 3461 1055 illis

2872 1088 2962 1147 ihs
2980 1115 2993 1129 ·
3059 1089 3287 1148 creditis
3313 1090 3466 1165 quod

2872 1182 2987 1242 hoc
3016 1199 3256 1259 possum
3283 1182 3413 1243 sace

2872 1295 2935 1335 re
3013 1276 3212 1335 dicunt
3238 1277 3289 1335 ei
3316 1278 3400 1336 uti

2873 1388 2986 1447 que
3015 1371 3130 1430 dfie
3150 1398 3163 1411 ·
3224 1370 3458 1433 ²⁹Tunc

2869 1465 3053 1541 tetigit
3080 1465 3283 1525 oculos
3310 1483 3384 1526 eo

2870 1577 3001 1617 rum
3029 1558 3232 1619 dicens
3307 1577 3373 1619 se

2868 1652 3127 1711 cundum
3157 1653 3336 1713 fidem

2867 1756 3119 1805 uestram
3149 1747 3248 1806 fiat
3275 1745 3442 1807 uobis
3459 1779 3473 1795 ·

2868 1841 2914 1873 ⁸⁰
2924 1840 2999 1899 Et
3027 1842 3207 1917 aperti
3235 1852 3370 1901 sunt
3395 1861 3510 1903 ocu

2868 1934 2908 1993 li
2937 1953 3140 1995 eorum
3160 1962 3172 1975 ·
3240 1934 3318 1993 Et
3346 1954 3486 1995 com

2867 2030 3199 2087 minatusest
3225 2028 3336 2088 illis
3363 2030 3455 2089 ihs

2864 2123 3065 2182 dicens
3137 2123 3330 2182 uidete

2866 2235 3041 2276 nemo
3070 2216 3212 2276 sciat
3235 2247 3248 2261 ·
3270 2248 3282 2263 ·
3346 2216 3479 2276 ⁸¹illi

2863 2322 3057 2370 autem
3084 2322 3364 2371 exeuntes

2864 2538 3310 2598 diffamauerunt
3336 2544 3413 2598 εὖ

2865 2633 2927 2692 in
2957 2643 3077 2693 tota
3103 2643 3252 2692 terra
3281 2632 3379 2692 illa
3399 2658 3413 2672 ·

2863 2724 3183 2804 ”Egressis
3205 2737 3396 2785 autem
3418 2727 3530 2788 illis
3550 2754 3566 2771 ·

2862 2820 3023 2880 Ecce
3051 2821 3384 2898 optulerunt
3411 2822 3464 2881 ei

2862 2914 3160 2975 hominem
3182 2942 3195 2955 ·
3256 2926 3529 2976 mutuli--

2862 3018 2920 3068 et
2950 3010 3189 3068 surdum
3217 3010 3432 3069 daemo

2862 3122 3001 3161 nem
3030 3103 3342 3163 habentem
3361 3136 3374 3150 ·

2861 3197 2904 3230 ⁸³
2914 3197 2990 3255 Et
3017 3199 3202 3258 eiecto
3230 3198 3522 3260 daemone

2863 3292 3090 3350 locutus
3116 3303 3204 3352 est
3231 3305 3423 3351 mutus
3447 3317 3461 3333 ·

2866 3396 2925 3445 et
2952 3388 3193 3444 miratae
3223 3398 3358 3446 sunt
3386 3398 3477 3447 tur

2864 3481 2974 3539 bae
3003 3480 3259 3539 dicentes
3278 3507 3291 3520 ·

2867 3592 3191 3649 numquam
3220 3574 3302 3633 sic
3331 3592 3410 3650 pa

2865 3668 2978 3725 ruit
3006 3668 3066 3725 in
3095 3668 3168 3726 isi
3189 3704 3202 3717 ·
3262 3667 3306 3700 ⁸⁴
3319 3667 3446 3727 Pha

2863 3762 2995 3820 risei
3017 3772 3211 3820 autem
3240 3761 3513 3821 dicebant
3532 3796 3546 3811 ·

2861 3857 2924 3913 in
2952 3855 3215 3931 principe
3245 3855 3422 3914 demo

2863 3950 3093 4007 niorum
3160 3950 3293 4007 eicit
3320 3949 3416 4009 hic

2861 4042 3180 4101 daemones
3204 4069 3216 4082 ·
3245 4069 3257 4083 ·
3284 4069 3297 4084 ·
3322 4068 3406 4092 m

2738 4121 2752 4142 ¹
2829 4134 2992 4194 *³⁶Et
3019 4136 3297 4195 circuibat
3325 4137 3417 4198 ihs

2825 4228 3112 4290 *ciuitates
3139 4248 3348 4290 omnes
3373 4264 3386 4278 ·

2865 4335 2923 4384 et
2952 4324 3189 4385 castella
3216 4325 3440 4386 docens

3182 4488 3293 4529 C2

3622 536 3750 586 ποι.
3773 535 3860 587 21.
