4414 4917
291 495 423 546 1¹01.
441 497 532 546 88.

573 321 719 368 XXV.
749 318 1053 370 26—XXV1.
1075 314 1150 378 6.]

574 484 633 533 et
656 475 856 551 piger·
904 473 1036 533 Scie

573 568 677 627 bas
705 567 866 644 quod
896 576 1056 626 meto

573 662 667 721 ubi
695 681 817 721 non
846 661 1073 722 semino
1091 691 1106 707 ·

569 765 626 815 et
652 774 949 832 congrego
977 755 1075 814 ubi

570 866 693 909 non
719 850 903 926 sparsi
926 881 941 896 ·
985 848 1178 927 ”op0r

569 943 674 1001 tuit
701 961 844 1019 ergo
871 953 928 1002 te
955 961 1090 1003 com

567 1036 792 1095 mittere
820 1038 1031 1113 pecuni

567 1149 664 1189 am
691 1148 885 1189 meam
914 1149 1098 1191 numu

564 1222 716 1283 lariis
739 1255 753 1270 ·
796 1235 853 1284 et
880 1226 1017 1285 ueni

562 1335 668 1376 ens
695 1337 808 1395 ego
834 1321 1057 1397 recepis

564 1428 689 1471 sem
717 1431 914 1472 meum
948 1432 1086 1474 cum

564 1507 750 1564 usuris
774 1537 789 1552 ·
836 1504 879 1539 ²⁸
902 1508 1057 1568 Tolli

562 1609 620 1660 te
647 1600 841 1677 itaque
869 1604 946 1661 ab
973 1621 1047 1663 eo
1074 1614 1134 1663 ta

560 1692 784 1754 lentum
804 1727 818 1742 ·
862 1705 918 1755 et
946 1696 1078 1757 date

567 1789 618 1849 ei
646 1791 747 1866 qui
775 1791 908 1850 abet
935 1791 1127 1852 decim

564 1884 780 1943 talenta
802 1915 817 1931 ·
882 1886 927 1919 ²⁹
945 1885 1127 1946 Omni

560 1979 716 2036 enim
744 1978 979 2039 habenti
1006 1980 1084 2041 da

559 2071 708 2130 bitur
735 2082 794 2130 et
822 2073 1059 2133 abunda

560 2165 642 2224 bit
668 2166 757 2224 ei·
802 2167 879 2224 ab
913 2186 987 2227 eo
1012 2174 1144 2228 aute

559 2260 656 2336 qui
685 2278 806 2320 non
835 2260 1013 2321 habet

560 2388 635 2448 Et
661 2390 821 2469 quod
851 2390 1029 2453 habet
1052 2412 1128 2453 au

558 2484 766 2545 feretur
792 2488 868 2546 ab
896 2506 970 2548 eo
988 2519 1003 2535 ·
1060 2489 1107 2522 ⁸⁰
1121 2489 1200 2550 Et

560 2578 713 2638 hunc
743 2598 1000 2658 nequam
1029 2601 1122 2643 ser

557 2688 694 2731 uum
724 2675 966 2750 proicite
995 2677 1056 2737 fo

556 2766 633 2824 ris
658 2768 718 2826 in
748 2770 1018 2830 tenebras

553 2862 860 2921 exteriores
886 2864 966 2922 ibi
993 2883 1028 2924 e

554 2954 622 3012 rit
649 2954 820 3014 fletus
847 2966 906 3015 et
934 2959 1034 3017 stri

552 3047 658 3109 dor
686 3049 946 3109 dentium
969 3083 983 3099 ·
1006 3085 1088 3099 -

552 3141 632 3206 †⁸¹
649 3142 805 3201 Cum
832 3156 1026 3205 autem
1054 3165 1204 3209 uene

549 3235 620 3294 rit
645 3236 794 3296 filius
822 3236 1075 3300 hominis

553 3330 613 3388 in
640 3332 939 3392 maiestate
966 3351 1072 3394 sua
1094 3366 1109 3383 ·

554 3435 611 3484 et
636 3441 845 3484 omnes
873 3429 1067 3504 angeli

555 3537 687 3578 curn
715 3538 790 3580 eo
808 3550 823 3566 ·
866 3529 1005 3581 tunc
1036 3541 1099 3583 se

557 3614 710 3673 debit
739 3632 915 3692 super
942 3617 1079 3678 sede

552 3709 864 3769 maiestatis
892 3728 1031 3771 suae
1053 3742 1068 3758 ·

550 3799 664 3861 ”et
690 3806 1111 3882 congregabun

549 3905 638 3956 tur
664 3907 802 3957 ante
831 3916 968 3956 eum

486 4035 493 4038 ν
550 4008 758 4051 omnes
785 4001 991 4069 gentes
1013 4025 1028 4040 ·
1071 4005 1129 4057 et

546 4087 839 4164 separabit
864 4104 967 4146 eos
994 4091 1069 4148 ab

544 4180 753 4241 iuicem
779 4211 794 4227 ·
841 4180 986 4240 sicut

1835 308 1970 371 MA
1989 298 2307 370 TTHEIJ
2323 339 2337 356 ·

1327 480 1590 549 segregat
1617 489 1763 531 oues

1323 575 1524 642 pastor
1551 567 1628 624 ab
1656 565 1820 625 hedis
1844 597 1858 614 ·

1323 658 1442 718 ⁸²³et
1469 668 1678 719 statuet
1705 678 1847 720 oues

1323 754 1556 829 quidem
1585 754 1659 813 ad
1689 754 1892 814 dextra

1323 864 1487 905 suam
1506 878 1521 893 ·
1566 847 1750 907 hedos
1778 867 1851 906 au

1321 949 1441 999 tem
1470 941 1544 1000 ad
1574 941 1852 1001 sinistra*
1869 973 1883 989 ·

1318 1033 1364 1066 ⁸⁴
1382 1035 1556 1095 Tunc
1585 1035 1725 1094 dicit
1752 1053 1852 1095 rex
1881 1035 1973 1096 his

1318 1127 1417 1203 qui
1446 1127 1520 1186 ad
1549 1128 1764 1187 dextris
1793 1130 1916 1188 eius

1318 1229 1451 1279 sunt
1470 1252 1485 1267 ·
1528 1221 1740 1281 Uenite

1317 1315 1606 1376 benedicti
1635 1313 1813 1393 patris

1317 1408 1433 1467 mei
1454 1440 1467 1455 ·
1511 1410 1805 1486 possidete

1314 1513 1581 1580 paratum
1613 1505 1783 1564 uobis

1313 1615 1560 1674 regnum
1589 1598 1822 1658 caelorii
1845 1630 1860 1646 ·

1315 1709 1351 1750 a
1377 1692 1785 1752 constitutione

1314 1784 1517 1843 mundi
1535 1816 1549 1831 ·
1613 1785 1659 1817 ³⁶
1676 1785 1864 1844 Esurii

1310 1879 1468 1937 enim
1496 1890 1554 1939 et
1581 1878 1817 1939 dedistis

1310 1973 1453 2032 mihi
1481 1974 1834 2040 manducare

1315 2067 1478 2126 Sitiui
1506 2078 1564 2126 et
1592 2067 1831 2127 dedistis

1310 2161 1452 2219 mihi
1480 2161 1677 2220 bibere
1700 2192 1715 2208 ·
1738 2194 1822 2207 —-

1312 2252 1507 2332 Ospes
1532 2273 1692 2315 eram
1719 2265 1779 2315 et
1809 2256 1907 2315 col

1307 2385 1523 2463 legistis
1549 2403 1646 2444 me
1668 2416 1683 2433 ·
1747 2385 1793 2420 ³⁸
1814 2385 1914 2445 Nu

1307 2479 1416 2539 dus
1445 2489 1502 2539 et
1529 2481 1803 2556 operuisti

1308 2602 1405 2643 me
1430 2617 1445 2631 ·
1490 2585 1761 2644 Infirmus

1307 2689 1365 2739 et
1393 2679 1660 2738 uisitastis
1687 2697 1784 2739 me

1202 2807 1209 2812 a
1307 2771 1379 2830 In
1408 2791 1703 2832 carcerem
1731 2782 1790 2832 et
1816 2791 1891 2832 ue

1304 2867 1467 2925 nistis
1495 2865 1570 2925 ad
1596 2884 1692 2925 me
1716 2897 1730 2913 ·

1303 2957 1347 2994 ⁸⁷
1368 2960 1541 3020 Tunc
1568 2960 1861 3036 responde

1303 3054 1450 3114 bunt
1476 3055 1531 3113 ei
1558 3054 1687 3112 iusti
1709 3085 1724 3100 ·
1769 3054 1941 3114 dicen

1303 3158 1391 3208 tes
1413 3180 1427 3195 ·
1472 3148 1586 3207 dfie
1613 3147 1853 3224 quando

1300 3253 1356 3303 te
1383 3244 1633 3303 uidimus
1659 3243 1811 3302 esuri

1301 3348 1496 3396 entem
1523 3346 1582 3395 et
1608 3337 1877 3414 pauimus

1305 3430 1605 3490 Sitientem
1634 3440 1692 3489 et
1718 3440 1857 3506 pota

1302 3525 1494 3584 uimus
1514 3555 1529 3571 ·
1594 3523 1638 3556 ⁸⁸
1654 3524 1893 3600 quando

1303 3629 1496 3677 autem
1524 3628 1579 3678 te
1608 3618 1861 3677 uidimus

1304 3713 1551 3790 ospitem
1578 3721 1638 3772 et
1664 3711 1811 3771 colle

1302 3809 1495 3885 gimus
1519 3839 1532 3854 ·
1576 3807 1697 3866 Aut
1726 3824 1807 3864 nu

1302 3902 1444 3961 dum
1472 3909 1528 3960 et
1555 3899 1828 3977 cooperui

1301 4013 1433 4054 mus
1454 4026 1469 4042 ·
1534 3993 1578 4026 ³⁹
1597 3992 1857 4066 Quando
1884 4010 1960 4052 au

1300 4100 1420 4150 tem
1449 4098 1505 4148 te
1532 4088 1783 4147 uidimus

1297 4183 1590 4243 infirmum
1617 4192 1718 4243 aut

2126 474 2186 532 in
2217 490 2508 534 carcerem
2536 483 2594 533 et

2125 568 2394 626 uenimus
2421 566 2498 626 ad
2524 576 2583 627 te

2124 661 2171 693 ⁴⁰
2186 661 2264 720 Et
2291 661 2652 738 respondens
2680 681 2783 723 rex

2123 755 2276 815 dicet
2303 755 2408 815 illis
2432 787 2446 802 ·
2492 756 2687 815 Amen

2124 848 2257 909 dico
2284 849 2449 909 uobis
2478 861 2644 925 qua-

2123 942 2221 1001 diu
2249 942 2459 1002 fecistis
2486 944 2588 1002 uni

2121 1034 2332 1095 horum
2359 1036 2540 1096 fratn‘i

2119 1147 2386 1190 meorum
2413 1131 2559 1189 mini

2119 1241 2350 1284 morum
2378 1223 2520 1282 mihi
2549 1223 2603 1283 fe

2118 1317 2278 1376 cistis
2301 1348 2315 1363 ·
2379 1317 2424 1350 ⁴¹
2443 1317 2619 1377 Tunc

2119 1410 2258 1470 dicit
2285 1419 2345 1469 et
2372 1411 2456 1469 eis
2485 1412 2584 1488 qui
2613 1411 2689 1472 ad

2118 1504 2420 1563 sinistra&
2441 1514 2576 1564 sunt

2116 1597 2413 1658 Discedite
2443 1617 2479 1658 a
2506 1617 2603 1658 me
2631 1618 2731 1659 ma

2114 1691 2311 1753 ledicti
2338 1693 2400 1752 in
2428 1694 2626 1771 ignem

2113 1795 2413 1845 aeternum
2433 1818 2448 1833 ·
2493 1787 2591 1864 qui

2112 1890 2457 1957 praeparatu
2485 1891 2573 1940 est

2114 1974 2349 2035 diabolo
2373 1984 2431 2033 et
2459 1993 2611 2051 ange

2112 2067 2181 2125 lis
2211 2068 2333 2127 eius
2362 2098 2378 2114 ·
2436 2065 2482 2098 ¹²
2503 2067 2690 2127 Esurii

2111 2162 2266 2219 enim
2291 2170 2353 2220 'et
2380 2177 2504 2219 non
2533 2160 2606 2219 de

2111 2255 2273 2314 distis
2298 2254 2439 2312 mihi
2466 2272 2608 2315 man

2114 2372 2330 2448 ducare
2355 2419 2370 2435 ·
2418 2387 2582 2446 Sitiui

2110 2493 2168 2542 et
2196 2501 2319 2543 non
2348 2481 2578 2542 dedistis
2605 2482 2687 2541 mi

2111 2576 2172 2635 hi
2199 2587 2408 2654 potum
2427 2607 2441 2623 ·
2506 2575 2550 2609 ⁴³
2567 2593 2744 2652 ospes

2108 2689 2270 2729 eram
2299 2678 2357 2729 et
2385 2688 2508 2729 non
2536 2670 2631 2730 col

2108 2765 2327 2842 legistis
2354 2782 2449 2823 me
2473 2794 2487 2811 ·
2531 2782 2612 2823 nu

2109 2858 2220 2917 dus
2247 2867 2307 2917 et
2334 2876 2455 2917 non
2482 2876 2672 2935 coope

2106 2952 2296 3011 ruistis
2324 2970 2419 3010 me
2443 2983 2458 2998 ·
2502 2950 2575 3010 In

2105 3046 2303 3105 firmus
2332 3057 2391 3106 et
2417 3046 2478 3104 in
2506 3064 2605 3105 car

2104 3157 2299 3198 cerem
2326 3149 2384 3199 et
2413 3157 2537 3200 non
2562 3157 2635 3199 ue

2103 3233 2265 3293 nistis
2291 3235 2368 3294 ad
2395 3252 2492 3292 me

2107 3328 2151 3361 ‘⁴
2167 3328 2344 3387 Tunc
2371 3327 2665 3404 responde

2105 3422 2252 3481 bunt
2279 3431 2336 3481 et
2363 3422 2474 3498 ipsi
2502 3421 2672 3483 dicen

2106 3525 2193 3575 tes
2223 3516 2336 3576 dr‘ie
2364 3515 2603 3592 quando

2106 3619 2163 3669 te
2190 3610 2444 3668 uidimus
2471 3627 2574 3668 esu

2102 3705 2349 3764 rientem
2372 3734 2386 3750 ·
2431 3713 2528 3762 aut
2557 3704 2606 3763 si

2103 3799 2341 3858 tientem
2366 3828 2380 3845 ·
2423 3808 2523 3857 aut
2549 3815 2619 3857 os

2102 3893 2281 3970 pitem
2305 3922 2320 3938 ·
2364 3900 2461 3952 aut
2489 3893 2652 3953 nudii

2103 3997 2199 4045 aut
2229 3985 2524 4044 infirmum
2542 4016 2558 4032 ·

2104 4089 2203 4138 aut
2230 4079 2291 4137 in
2327 4096 2620 4139 carcerem

2101 4182 2160 4233 et
2187 4191 2309 4234 non
2338 4173 2727 4234 mistrauimus

2627 4268 2729 4329 tibi

3497 324 3582 398 35

2878 473 2925 509 ⁴³
2947 475 3122 536 Tunc
3151 478 3441 555 responde

2878 570 2963 629 bit
2989 570 3097 628 illis
3124 570 3325 632 dicens
3347 603 3363 619 ·

2878 662 3076 723 Arnen
3104 664 3240 725 dico
3267 666 3436 726 uobis
3452 697 3467 714 ·

2878 758 3157 835 quamdiu
3184 777 3307 818 non
3337 759 3393 820 fe

2875 851 3032 910 cistis
3064 852 3166 910 uni
3193 852 3268 912 de
3296 853 3378 911 mi

2877 944 3113 1003 noribus
3142 944 3232 1003 his
3301 963 3413 1006 nec

2875 1036 3017 1094 mihi
3044 1036 3256 1097 fecistis
3273 1068 3288 1084 ·

2875 1130 2920 1163 ⁴⁶
2936 1129 3014 1190 Et
3039 1132 3205 1192 ibunt
3233 1131 3290 1189 hi
3317 1131 3378 1191 in
3405 1150 3524 1211 poe

2874 1241 2983 1283 nas
3012 1236 3278 1285 aeternas
3300 1256 3315 1273 ·
3359 1225 3449 1286 ius

2872 1317 2915 1375 ti
2946 1326 3143 1377 autem
3170 1319 3232 1376 in
3258 1318 3428 1377 uita-

2997 1421 3294 1472 aeternam
3317 1443 3352 1459 ·‘
3383 1439 3467 1463 m

2839 1501 2975 1566 *26.
3020 1504 3134 1564 ²Et
3162 1506 3384 1565 factum
3411 1517 3501 1568 est

2837 1596 3182 1676 *postquam
3211 1618 3328 1660 con

2836 1690 3182 1754 ¹'‘summanit
3209 1694 3298 1754 ihs
3322 1726 3338 1742 ·

2836 1784 2977 1847 *hos
3004 1805 3305 1848 sermones

2832 1880 3072 1940 *omnes
3091 1912 3105 1927 ·
3147 1880 3309 1942 Dixit

2865 1975 3162 2052 discipulis
3189 1977 3308 2035 suis
3330 2007 3345 2023 ·

2860 2068 2885 2104 ¹
2903 2068 3073 2129 Scitis
3103 2069 3237 2146 quia
3265 2079 3402 2147 post
3426 2071 3488 2130 bi

2863 2162 3045 2222 duum
3072 2163 3293 2241 pascha
3322 2165 3362 2223 fi

2861 2265 2920 2315 et
2938 2287 2953 2303 ·
2997 2266 3055 2316 et
3083 2257 3230 2316 filius
3258 2257 3418 2318 homi

2863 2387 2954 2445 nis
2982 2388 3237 2447 tradetur
3262 2399 3327 2447 ut

2863 2482 3230 2559 crucifigatur
3252 2513 3314 2529 ..-

2861 2575 2884 2608 ⁸
2903 2576 3076 2635 Tunc
3107 2577 3450 2654 congregati

2864 2680 2998 2728 sunt
3025 2670 3316 2747 principes

2862 2763 3232 2824 sacerdotum
3260 2775 3319 2824 et

2863 2859 3083 2917 scribae
3112 2867 3168 2917 et
3197 2859 3362 2920 senio

2861 2970 2955 3011 res
2983 2953 3183 3030 populi
3205 2984 3220 3001 ·
3264 2954 3326 3012 in
3354 2971 3392 3015 a

2859 3047 3031 3104 trium
3060 3047 3341 3125 principis

2858 3141 3226 3201 sacerdotum
3247 3173 3262 3189 ·
3302 3143 3404 3219 qui

2859 3235 3155 3295 dicebatur
3183 3235 3401 3295 caiafas

2860 3329 2881 3360 ⁴
2897 3328 2976 3388 Et
3003 3329 3306 3388 consilium
3335 3328 3462 3390 fece

2859 3433 3028 3481 runt·
3071 3433 3135 3481 ut
3163 3423 3282 3481 ihm
3311 3422 3453 3484 dolo

2858 3526 3046 3576 tentes
3072 3516 3400 3577 occiderent
3423 3548 3439 3564 ·

2861 3609 2884 3643 ¹⁵
2900 3610 3194 3670 Dicebant
3221 3621 3417 3670 autem

2860 3722 2983 3765 non
3011 3706 3072 3763 in
3099 3704 3254 3763 diem
3282 3704 3501 3764 festu-'-

2857 3808 2923 3857 ut
2950 3816 3073 3856 non
3100 3797 3375 3859 tumultus

2857 3893 2957 3951 fiat
2985 3893 3045 3950 in
3072 3892 3292 3969 populo
3310 3923 3325 3939 ·

2855 3986 2878 4020 ⁸
2898 3986 3051 4046 Cum
3080 3996 3273 4045 autem
3299 3998 3454 4047 esset
3473 3988 3563 4050 ihs

2858 4082 2919 4140 in
2946 4079 3220 4140 bethania
3238 4111 3253 4127 ·
3295 4082 3357 4139 in
3385 4081 3465 4143 do

2858 4192 3022 4235 mum
3049 4174 3292 4235 simonis
3325 4176 3381 4234 le

3147 4300 3246 4341 ΕΒ

3607 483 3730 532 1·οι
3746 483 3845 541 ΘΟ.
