4414 4917
1213 401 1456 462 RELA
1476 400 1707 460 IION
1749 398 1938 481 OFq
1976 399 2088 460 To
2138 399 2451 459 OTHER
2504 398 3018 459 OLD-LATIN
3064 397 3381 462 TEXTS.
3478 400 3654 462 xxxi

950 555 1194 616 Selected
1213 557 1477 631 readings
1496 555 1618 614 and
1631 555 1959 631 rendering-5
1987 557 2048 614 in
2064 556 2249 614 which
2357 552 2599 613 Selected
2611 554 2878 628 readings
2892 555 3015 612 and
3034 555 3361 630 rendering-5
3388 556 3449 613 in
3470 555 3658 614 which

1186 653 1216 712 f
1234 672 1273 731 q
1299 655 1470 732 differ
1472 654 1648 731 from
1676 654 1808 714 each
1835 654 2005 713 other.
2601 651 2631 710 f
2690 670 2731 729 q
2785 672 2885 710 are
2938 654 3149 728 agreed
3203 656 3436 731 against
3505 654 3660 713 other

952 750 1123 810 Matt.
1150 753 1221 809 vi.
2600 748 2900 827 European
2928 756 3094 811 lexts.

1046 869 1133 922 24.
1178 850 1420 910 alterum
1451 851 1671 910 amabit
1697 871 1735 909 a
1757 851 1790 910 b
1818 869 1870 927 q.

1277 949 1519 1008 alterum
1548 948 1745 1027 diliget
1748 950 1818 1028 f
1826 949 2021 1014 kAm.
2078 968 2097 991 ·

1116 1064 1295 1106 unum
1322 1048 1569 1125 patietur
1594 1068 1631 1106 a
1659 1049 1692 1107 b
1718 1068 1771 1124 q.

1275 1164 1458 1205 unum
1488 1147 1792 1206 sustinebit
1818 1145 1855 1204 k
1882 1146 2015 1205 Am.

1275 1262 1398 1304 uno
1424 1244 1659 1304 obediet
1662 1247 1733 1324 J.

1038 1358 1125 1415 25.
1165 1361 1239 1401 ne
1267 1343 1531 1420 cogitetis
1550 1344 1613 1401 in
1635 1343 1809 1404 corde
1828 1342 2055 1404 Mestro
2082 1364 2119 1402 a
2147 1344 2180 1404 b
2207 1364 2260 1419 q.

1277 1460 1352 1501 ne
1381 1460 1433 1501 c.
1475 1442 1709 1502 animae
1738 1452 1965 1502 uestrae
1969 1444 2037 1521 j:

1277 1558 1353 1598 ne
1382 1539 1507 1599 soll.
1530 1541 1668 1599 sitis..
1699 1541 1759 1599 in
1787 1558 1881 1600 an.
1910 1559 2000 1601 ue.
2033 1541 2070 1599 k
2096 1540 2232 1600 Am.

1119 1639 1256 1715 quid
1284 1638 1537 1698 induatis
1564 1659 1602 1697 a
1629 1639 1662 1699 b
1689 1639 1726 1698 k
1751 1659 1802 1714 q.

1279 1737 1420 1814 quid
1448 1736 1770 1796 induamini
1771 1738 1841 1816 f
1850 1737 1902 1797 A
1911 1758 1983 1798 m.

1051 1836 1137 1891 26.
1177 1834 1274 1894 alit
1301 1835 1429 1895 illas
1456 1834 1493 1892 k
1520 1832 1666 1914 (illa)
1694 1856 1747 1912 q.

1276 1934 1463 2011 pascit
1489 1933 1586 1993 illa
1612 1953 1650 1992 a
1678 1933 1786 2010 bf
1797 1932 1930 1993 Am.

2405 2128 2499 2187 27.
2543 2113 2858 2191 cogitando
2885 2133 2938 2191 q.

2685 2214 2951 2290 cogitans
2955 2215 3023 2292 s
3031 2212 3168 2273 Am.

2679 2331 2785 2372 orn.
2813 2331 2852 2371 a
2878 2312 2912 2372 b
2937 2313 2989 2372 k.

2439 2408 2598 2469 Here
2629 2415 2808 2488 again
2836 2431 2872 2489 q
2914 2414 2965 2471 εἰς
2992 2413 3203 2489 agreed
3227 2413 3288 2471 in
3322 2412 3397 2472 its
3425 2413 3663 2489 reading

2356 2508 2498 2567 with
2514 2510 2584 2588 J}
2626 2512 2727 2571 but
2759 2531 2886 2571 even
2922 2513 3048 2572 then
3088 2513 3285 2590 differs
3321 2513 3383 2570 in
3423 2514 3497 2571 ils
3533 2531 3659 2570 ren·

2356 2607 2572 2683 dering.

949 2714 1051 2771 vii.
1086 2732 1170 2773 10.
1212 2716 1370 2777 dabit
1397 2737 1449 2794 q.

1276 2816 1534 2894 porriget
1560 2836 1597 2874 a
1626 2817 1780 2895 bsk
1806 2820 1939 2879 Am.

1087 2928 1171 2986 13.
1212 2930 1391 2989 quam
1418 2913 1533 2973 lata
1552 2915 1639 2974 ab
1667 2915 1749 2995 (k)
1776 2936 1828 2993 q.
1862 2989 1877 2994 ⁴
1921 2942 1927 2949 ·
2368 2946 2456 3003 ¹3·
2483 2929 2614 2989 add.
2642 2940 2810 3007 porta
2836 2932 2990 3009 after
3017 2931 3207 3010 latas
3216 2952 3252 3010 q
3279 2931 3413 2994 Am.

1274 3013 1413 3090 quia
1440 3012 1628 3088 latas
1640 3013 1775 3073 Am.
2682 3043 2786 3083 om.
2816 3035 2984 3101 porta
3011 3045 3049 3083 a
3077 3026 3109 3084 b
3131 3025 3184 3086 k.

2521 3122 2783 3199 spatiosa
2807 3122 2978 3201 uias
2988 3142 3024 3200 q
3050 3122 3186 3185 Am.

2687 3220 2944 3298 spatiosa
2972 3232 3059 3281 est
3086 3222 3186 3282 uia
3206 3242 3243 3282 a
3265 3222 3298 3282 b
3327 3222 3364 3281 k
3382 3219 3503 3305 (uia
3523 3220 3657 3306 est).

1088 3317 1169 3376 15.
1197 3303 1256 3362 in
1285 3305 1643 3367 uestimentis
1670 3310 1872 3369 ouium
1901 3330 1937 3387 q
1965 3310 2098 3370 Am.

1274 3403 1335 3461 in
1363 3405 1571 3463 uestitu
1598 3407 1800 3466 ouium
1828 3428 1866 3466 a
1893 3407 2000 3485 bf
2012 3407 2113 3486 (k).

1116 3500 1186 3558 ab
1213 3501 1367 3561 intus
1392 3522 1431 3561 a
1460 3501 1543 3583 (b)
1570 3523 1622 3581 q.

1271 3601 1613 3662 intrinsecus
1616 3604 1684 3681 s
1693 3602 1730 3661 k
1749 3603 1883 3665 Am.
2409 3636 2500 3698 17.
2543 3622 2762 3687 fructus
2790 3631 2982 3689 bonos
3008 3628 3145 3689 facit
3149 3631 3218 3707 f
3228 3648 3264 3705 q
3290 3628 3426 3688 Am.

2683 3725 2874 3788 bonos
2902 3726 3120 3788 fructus
3145 3725 3278 3788 facit
3302 3745 3341 3785 a
3369 3727 3402 3786 b
3426 3725 3481 3784 k.

1084 3811 1172 3867 ²3·
1211 3796 1415 3858 iurabo
1441 3799 1474 3857 b
1501 3819 1556 3877 q.

1268 3896 1590 3958 confitebor
1590 3900 1659 3976 f
1667 3898 1801 3960 Am.

1275 3994 1465 4054 dicam
1492 4016 1530 4054 a
1557 3999 1608 4057 k.

1114 4092 1355 4167 operarii
1380 4113 1419 4152 a
1444 4114 1497 4172 q.

1271 4192 1370 4270 qui
1400 4196 1720 4272 operamini
1749 4195 1949 4279 bs(k)
1975 4198 2114 4261 Am.
