4414 4917
612 326 761 377 XIII.
793 322 986 391 7-35.]
1961 311 2264 373 MARC·
2289 347 2303 362 ·
3529 333 3644 400 131

2207 500 2346 567 post
2375 490 2521 552 haec
2545 522 2558 538 ·
2604 488 2742 550 ”Et
2769 491 2882 551 nisi
2956 492 3186 570 angulis
3243 493 3320 552 ab
3347 494 3552 555 ultimo

2209 585 2320 645 dfis
2341 587 2659 646 breuiasset
2953 596 3138 647 terrae
3165 606 3353 666 usque
3381 590 3456 647 ad

2205 678 2329 739 dies
2357 689 2595 757 propter
2617 680 2738 740 elec
2954 682 3268 741 terminum
3297 682 3442 742 caeli
3472 714 3486 730 ·

2081 780 2170 830 tos
2202 789 2342 832 suos
2400 793 2524 833 non
2551 774 2710 834 fieret
2952 772 2995 807 ²⁸
3012 775 3069 833 A
3096 776 3213 835 ficu
3241 786 3438 836 autem
3468 776 3613 837 disci

277 492 413 543 τοι.
432 495 561 546 192.
606 487 682 547 Et
710 490 872 567 opini
3672 503 3950 553 vol-19³·

602 603 746 644 ones
773 586 1135 663 proelioru‘·

599 697 675 737 ne
701 679 1000 739 timueritis
1021 710 1034 725 ·
1097 697 1135 738 o

1360 488 1460 550 filii
1489 490 1550 549 in
1579 500 1850 567 parentes

1359 593 1417 643 et
1447 584 1619 651 morti
1648 584 1921 643 adficient

1357 695 1530 738 eos··
1574 675 1619 711 ¹³
1639 678 1716 737 Et
1741 679 1887 738 eritis
1915 678 2052 739 odio

1354 773 1629 831 omnibus
1651 771 1874 832 homini

597 783 787 850 portet
814 775 970 832 enim
1000 774 1074 832 fle

595 867 642 924 ri
670 867 772 926 sed
801 868 1067 926 nondum
1096 867 1133 925 fi

594 962 686 1020 nis
709 993 724 1008 ·
750 994 763 1009 ·
790 994 806 1010 ·
848 961 870 994 5
886 961 1178 1038 Exsurget

545 1126 549 1129 ¹
594 1067 789 1116 autem
816 1074 962 1133 gens
990 1056 1067 1114 ad

590 1167 792 1209 uersus
820 1161 1060 1227 gentem

591 1254 648 1302 et
674 1262 920 1321 regnum
942 1261 1116 1320 super

588 1357 838 1415 regnum
867 1370 881 1385 ·
941 1348 999 1398 et
1025 1347 1193 1397 erunt

589 1442 772 1491 terrae
801 1443 993 1491 motus
1021 1450 1125 1508 per

588 1525 721 1586 loca
743 1559 756 1573 ·
800 1538 859 1585 et
886 1537 1051 1586 erunt
1081 1525 1140 1585 fa

588 1637 715 1680 mes
737 1651 753 1667 ·
816 1630 876 1679 et
905 1618 1125 1679 turbele
1150 1651 1164 1666 ·

587 1714 814 1773 initium
842 1713 1049 1774 dolorfi

587 1807 732 1868 haec
758 1840 772 1855 ·
816 1809 838 1842 ⁹
857 1807 1066 1867 Uidete
1093 1824 1205 1867 uos

586 1902 745 1979 ipsos
808 1903 1039 1961 tradent

585 1998 745 2056 enim
773 2015 884 2057 uos
915 1997 978 2054 in
1008 2012 1127 2055 con

587 2090 730 2149 ciliis
753 2123 767 2138 ·
829 2100 887 2149 et
912 2091 974 2148 in
1002 2107 1148 2166 syna

585 2184 756 2261 gogis
783 2184 1053 2261 uapulabi

585 2279 658 2337 tis
681 2310 694 2324 ·
756 2276 832 2336 Et
860 2289 994 2337 ante
1020 2297 1082 2338 re

585 2425 691 2486 ges
719 2418 777 2469 et
803 2409 1101 2487 praesides

585 2503 808 2564 stabitis
835 2515 1075 2582 propter

585 2615 680 2657 me
708 2598 768 2657 in
796 2600 1128 2660 testimonia

587 2692 695 2752 illis
718 2726 731 2739 ·
775 2692 822 2726 ²⁰
841 2693 917 2753 Et
945 2695 1007 2752 in
1034 2712 1244 2755 omnes

585 2796 790 2863 gentes
823 2798 1057 2865 oportet
1083 2790 1173 2865 pri

586 2898 749 2939 mum
776 2882 1058 2958 predicari

586 2974 950 3051 euangelium
971 3007 984 3023 ·
1006 3008 1021 3022 ·
1041 3007 1127 3020 —-

585 3065 629 3101 ¹¹
646 3066 800 3127 Cum
827 3078 1023 3128 autem
1042 3068 1266 3147 perdux

586 3162 734 3221 erint
760 3180 871 3221 uos
898 3163 1103 3222 traden

582 3264 671 3316 tes
728 3256 906 3316 nolite
934 3258 1128 3334 cogita

582 3369 645 3409 re
708 3351 847 3427 quid
874 3352 1178 3428 loquimini

583 3444 687 3504 sed
715 3445 876 3521 quod
904 3445 1105 3504 datum
1132 3446 1197 3506 fu

584 3539 691 3598 erit
717 3540 885 3598 uobis
912 3539 973 3597 in
1002 3539 1098 3599 illa

582 3632 729 3692 hora
755 3633 815 3691 id
842 3631 1142 3709 loquimini
1162 3666 1176 3681 ·

583 3725 727 3786 Non
754 3726 913 3784 enim
941 3727 1095 3786 eritis
1123 3745 1232 3787 uos

580 3821 885 3897 loquentes
914 3820 1018 3879 sed
1048 3826 1149 3897 sps

584 3921 678 3973 scs
701 3947 714 3962 ·
760 3913 804 3946 ¹²
819 3914 1003 3974 tradet
1030 3920 1166 3974 aute

584 4008 758 4068 frater
784 4008 1017 4067 fratrem

582 4104 643 4162 in
671 4112 923 4162 mortem
943 4134 956 4147 ·
1018 4110 1077 4161 et
1102 4110 1267 4178 pater

583 4197 763 4257 filium
783 4229 797 4245 ·
857 4195 935 4254 Et
962 4204 1201 4273 surgent

1352 866 1461 926 bus
1521 876 1758 943 propter
1786 884 1868 925 no

1350 976 1487 1018 men
1516 978 1714 1018 meum
1733 992 1747 1006 ·
1807 960 1907 1038 qui

1349 1064 1544 1113 autem
1573 1072 1880 1131 perseuera

1345 1148 1492 1206 uerit
1519 1148 1580 1206 in
1606 1149 1787 1207 finem
1813 1147 1907 1209 hic

1344 1242 1539 1301 saluus
1566 1243 1672 1302 erit
1694 1270 1776 1293 m

1293 1338 1323 1371 '¹‘
1344 1337 1389 1369 ¹⁴
1408 1335 1560 1395 Cum
1589 1347 1784 1396 autem
1809 1335 1947 1396 uide

1340 1431 1461 1490 ritis
1521 1430 1841 1491 abhomina

1291 1522 1321 1557 ¹⁸¹
1345 1526 1566 1585 tionem
1595 1524 1838 1584 desolati

1287 1615 1317 1650 ¹⁸¹
1338 1619 1468 1678 onis
1496 1627 1749 1678 stantem
1774 1619 1875 1679 ubi

1341 1731 1465 1772 non
1493 1724 1725 1790 oportet
1747 1746 1760 1760 ·
1826 1713 1978 1791 quod

1339 1806 1559 1866 dictum
1587 1816 1675 1866 est
1732 1825 1837 1883 per

1341 1899 1533 1959 daniel
1561 1900 1848 1977 profetam
1866 1934 1880 1948 ·

1339 1994 1439 2069 qui
1465 1993 1604 2070 legit
1631 1993 1927 2072 intellegat

1340 2086 1513 2146 Tunc
1525 2088 1621 2164 qui
1638 2089 1699 2146 in
1716 2088 1885 2148 iudea
1895 2101 2028 2149 sunt

1336 2180 1561 2258 fugiant
1589 2184 1649 2241 in
1684 2184 1980 2244 montibus

1334 2272 1381 2307 ¹⁶
1399 2274 1475 2334 Et
1495 2276 1594 2352 qui
1614 2294 1789 2353 super
1809 2286 2026 2336 tectum

1336 2425 1409 2467 ne
1438 2407 1756 2469 descendat

1334 2502 1397 2560 in
1425 2501 1669 2562 domum
1697 2522 1807 2563 nec
1835 2504 1896 2563 in

1336 2606 1520 2656 troeat
1580 2608 1644 2657 ut
1672 2596 1834 2657 tollat

1335 2689 1553 2768 aliquid
1580 2690 1654 2750 de
1684 2692 1866 2751 domo
1893 2712 1998 2753 sua

1334 2783 1379 2817 ¹⁶
1395 2783 1471 2843 Et
1500 2784 1599 2861 qui
1628 2786 1688 2843 in
1724 2803 1868 2862 agro
1897 2804 2019 2847 non

1333 2889 1648 2938 reuertatur
1675 2889 1829 2939 retro

1335 2972 1536 3032 tollere
1564 2973 1852 3033 uestimen

1333 3076 1458 3124 tum
1487 3085 1660 3125 suum
1678 3098 1723 3112 -
1764 3068 1805 3101 ¹⁷
1822 3067 1951 3128 Uae

1334 3171 1528 3219 autem
1555 3162 1861 3238 pregnanti

1332 3254 1441 3312 bus
1469 3265 1526 3313 et
1553 3256 1890 3314 nutrientibs
1911 3287 1929 3303 ·

1329 3348 1390 3406 in
1419 3348 1527 3407 illis
1556 3349 1760 3408 diebus
1779 3381 1792 3397 ·
1812 3383 1857 3394 -

1330 3442 1373 3474 ¹⁸
1391 3441 1570 3502 Orate
1590 3452 1783 3502 autem
1803 3452 1867 3502 ut
1887 3462 2009 3503 non

1329 3534 1520 3595 hieme
1550 3536 1696 3596 haec
1725 3537 1866 3597 fiant
1891 3570 1903 3584 ·

1331 3630 1375 3663 ¹⁰
1391 3629 1576 3689 Erunt
1603 3631 1759 3689 enim
1787 3631 1990 3691 diebus

1331 3724 1440 3783 illis
1467 3723 1866 3785 tribulationes

1331 3817 1472 3878 tales
1541 3819 1739 3895 quales
1765 3837 1887 3879 non

1332 3911 1562 3971 fuerunt
1590 3913 1666 3970 ab
1694 3912 1857 3971 initio

1332 4015 1623 4065 creaturae
1681 4025 1752 4065 ex
1783 4024 1900 4082 quo

1332 4101 1533 4159 condit
1559 4100 1628 4158 ds·
1683 4118 1867 4177 usque

1331 4194 1547 4256 modo·
1609 4212 1801 4273 neque
1829 4203 1997 4256 erunt

2199 866 2360 927 salua
2389 870 2583 928 omnis
2612 886 2748 929 caro

2200 959 2319 1020 Sed
2345 973 2583 1040 propter
2615 962 2739 1023 elec

2196 1063 2288 1114 tos
2315 1073 2466 1132 quos
2496 1057 2669 1134 elegit

2195 1149 2479 1210 breuiabit
2505 1152 2660 1211 dies·
2705 1148 2745 1186 ²¹
2764 1149 2842 1211 Et

2194 1252 2334 1302 tunc
2366 1244 2414 1302 si
2442 1245 2572 1321 quis
2601 1246 2771 1306 uobis

2194 1334 2404 1396 dixerit
2459 1338 2618 1399 Ecce
2646 1339 2744 1399 hic
2849 1339 2911 1398 in

2192 1434 2307 1506 xps
2370 1442 2468 1491 aut
2496 1451 2636 1493 ecce
2663 1433 2778 1494 illic

2190 1524 2371 1584 nolite
2393 1527 2629 1587 credere

2189 1613 2555 1696 ”Exurgent
2582 1620 2742 1680 enim

2188 1712 2524 1790 pseodoxpi
2585 1724 2644 1773 et
2671 1733 2817 1792 speo

2188 1803 2528 1882 doprofetae
2585 1806 2664 1867 Et
2692 1809 2769 1869 da

2186 1900 2336 1958 bunt
2362 1901 2531 1977 signa
2556 1912 2614 1961 et
2642 1920 2751 1980 pro

2185 1992 2342 2068 digia
2400 1993 2474 2053 ad
2505 1994 2759 2054 seducen

2185 2085 2327 2145 dum
2393 2087 2453 2146 Si
2476 2088 2597 2147 fieri
2619 2108 2699 2167 po

2182 2189 2295 2239 test
2313 2181 2488 2240 etiam
2517 2182 2639 2242 elec

2179 2282 2274 2335 tos
2295 2307 2308 2321 ·
2335 2307 2348 2321 ·
2393 2274 2436 2309 ²³
2455 2274 2582 2335 Uos
2608 2288 2802 2337 autem

2181 2406 2377 2467 uidete
2402 2439 2416 2455 ·
2459 2426 2600 2468 ecce
2628 2427 2732 2487 pre

2184 2500 2304 2560 dixi
2331 2503 2503 2562 uobis
2531 2505 2732 2562 omnia

2181 2594 2227 2629 ²⁴
2247 2594 2362 2655 Sed
2391 2596 2451 2654 in
2476 2597 2583 2656 illis
2612 2598 2814 2658 diebus

2181 2698 2316 2767 post
2349 2690 2717 2751 tribulatione

2181 2783 2339 2842 illam
2363 2815 2377 2830 ·
2448 2783 2551 2843 Sol
2579 2787 2834 2845 obscura

2179 2877 2333 2936 bitur
2351 2909 2364 2924 ·
2432 2877 2509 2937 Et
2537 2878 2674 2937 luna
2703 2898 2826 2939 non

2179 2971 2342 3031 dabit
2370 2971 2740 3049 splendorem

2179 3083 2353 3123 suum
2374 3098 2387 3113 ·
2433 3064 2478 3100 ’5
2499 3066 2576 3126 Et
2603 3067 2783 3128 stillae

2179 3176 2330 3235 quae
2360 3170 2494 3219 sunt
2521 3161 2581 3218 in
2611 3161 2778 3221 caelo

2175 3262 2345 3311 erunt
2374 3254 2708 3315 decidentes
2733 3288 2747 3302 ·

2176 3346 2255 3404 Et
2283 3348 2522 3407 uirtutes
2549 3348 2823 3409 caelestes

2174 3442 2570 3500 mouebuntur
2587 3474 2669 3484 —-

2174 3532 2218 3567 ’5
2234 3534 2312 3592 Et
2338 3545 2477 3594 tunc
2503 3535 2783 3595 uidebunt
2815 3538 2856 3597 fi

2173 3626 2316 3686 lium
2343 3627 2596 3687 hominis
2623 3632 2760 3689 ueni

2173 3731 2371 3780 entem
2400 3739 2535 3779 cum
2565 3724 2776 3782 nubibr
2802 3757 2817 3773 ·

2172 3833 2309 3874 cum
2337 3814 2546 3875 uirtute
2575 3816 2756 3877 multa

2172 3918 2231 3968 et
2257 3908 2444 3984 gloria
2463 3940 2477 3955 ·
2522 3906 2567 3942 ²⁷
2588 3909 2665 3969 Et
2692 3921 2830 3972 tunc

2172 4003 2361 4063 mittet
2386 4003 2628 4079 angelos
2653 4005 2731 4066 Et

2172 4097 2554 4174 congregabit
2578 4098 2701 4159 elec

2172 4203 2278 4253 tos
2308 4208 2452 4252 suos
2483 4209 2518 4250 a
2551 4203 2825 4270 quattuor

2951 877 3009 927 te
3039 870 3379 946 parabolam
3403 902 3417 918 ·
3480 877 3555 931 cu

2948 962 3068 1021 iam
3095 981 3291 1024 ramus
3318 965 3440 1023 eius
3468 973 3526 1024 te

2948 1073 3055 1115 ner
3082 1056 3250 1116 fuerit
3269 1088 3285 1104 ·
3344 1068 3403 1118 et
3429 1067 3567 1118 nata

2947 1148 3157 1209 fuerint
3183 1152 3245 1210 in
3274 1171 3345 1212 ea
3372 1152 3508 1212 folia
3528 1185 3543 1200 ·

2945 1242 3317 1322 Cognoscitis
3346 1247 3507 1324 quod

2946 1340 3220 1416 proximo
3243 1341 3317 1399 sit
3338 1351 3527 1400 aestas
3547 1374 3562 1389 ·

2944 1428 2989 1465 ⁹⁹
3010 1433 3105 1493 Sic
3134 1445 3191 1494 et
3213 1453 3325 1494 uos
3343 1454 3481 1494 cum
3510 1435 3646 1497 uide

2944 1526 3065 1586 ritis
3093 1527 3240 1588 haec
3268 1530 3468 1588 omnia
3496 1530 3571 1590 fie

2943 1620 2992 1679 ri
3023 1652 3037 1667 ·
3082 1622 3289 1682 scitote
3353 1622 3516 1701 quod
3542 1624 3606 1683 in

2942 1715 3213 1791 proximo
3239 1728 3329 1775 est
3356 1718 3418 1776 in
3445 1727 3574 1778 oste

2939 1808 2990 1866 is
3014 1838 3028 1855 ·
3071 1806 3118 1840 ³⁰
3131 1827 3306 1868 amen
3323 1810 3457 1870 dico
3473 1812 3644 1873 uobis

2939 1907 3084 1978 qum
3110 1920 3237 1961 non
3264 1905 3505 1964 transiet

2937 1997 3238 2071 generatio
3266 1996 3376 2057 hec
3436 1999 3517 2057 do

2935 2107 3049 2149 nec
3072 2090 3277 2150 omnia
3303 2092 3412 2150 ista
3440 2092 3584 2151 fiant
3604 2125 3618 2140 ·

2934 2180 2976 2214 ³¹
2998 2181 3243 2242 Caelum
3272 2194 3329 2243 et
3346 2194 3494 2245 terra
3511 2196 3640 2247 tran

2935 2276 3131 2336 sibunt
3186 2278 3368 2337 uerba
3394 2285 3531 2341 aute

2935 2425 3068 2469 mea
3096 2426 3219 2469 non
3247 2411 3607 2473 transibunt·

2933 2499 2978 2535 ⁸²
2995 2502 3086 2562 De
3117 2503 3209 2562 die
3223 2515 3433 2563 ’autem
3460 2506 3556 2565 illa
3578 2518 3637 2567 et

2934 2596 3078 2656 hora
3106 2616 3283 2657 nemo
3312 2600 3418 2659 scit

2934 2689 2993 2748 N
2997 2709 3181 2769 equae
3199 2693 3390 2769 angeli
3418 2694 3480 2753 in
3508 2713 3620 2755 cae

2932 2783 2992 2842 lo
3051 2803 3282 2862 nequae
3309 2787 3462 2847 filius

2933 2877 3042 2937 nisi
3070 2891 3234 2956 pater
3253 2913 3267 2927 ·
3309 2880 3352 2913 ⁸³
3372 2880 3525 2942 Uide

2932 2980 2989 3030 te
3018 2990 3160 3050 ergo
3221 2974 3457 3051 uigilate

2932 3077 2991 3125 et
3019 3076 3182 3127 orate
3240 3070 3455 3130 nesctis

2932 3161 3092 3220 enim
3121 3163 3361 3239 quando
3390 3169 3447 3223 te

2931 3273 3042 3331 pus
3069 3256 3143 3315 sit
3167 3288 3180 3304 ·
3224 3257 3269 3289 ⁸⁴
3290 3258 3439 3316 sicut
3468 3259 3551 3319 ho

2931 3366 3032 3407 mo
3060 3367 3302 3426 peregre
3330 3369 3439 3427 pro

2927 3440 3113 3503 fectus
3132 3473 3148 3489 ·
3205 3444 3352 3501 relin

2925 3552 3114 3611 quens
3141 3535 3387 3596 domum
3418 3555 3488 3597 su

2924 3648 3022 3688 am
3046 3660 3061 3676 ·
3126 3630 3264 3689 data
3294 3631 3480 3691 seruis

2925 3723 3045 3783 suis
3072 3733 3359 3800 potestate

2924 3818 3258 3894 cuiusquae‘
3269 3820 3464 3896 operis
3482 3851 3499 3870 ·

2923 3909 3001 3969 Et
3029 3912 3263 3970 ostiario
3294 3931 3434 3989 prae

2921 4006 3098 4082 cipiat
3124 4016 3188 4064 ut
3214 4005 3448 4082 uigilet·

2921 4099 2967 4133 ³⁶
2986 4099 3233 4176 Uigilate
3261 4118 3404 4176 ergo
3467 4120 3546 4161 ne

2920 4194 3078 4256 scitis
3105 4193 3260 4253 enim
3289 4195 3530 4271 quando

3196 4311 3225 4351 s
3257 4311 3286 4351 2
