4414 4917
438 506 583 554 rol.
601 507 717 560 14⁷.

758 332 871 382 XX.
901 331 1154 395 34-XX1.
1182 326 1289 392 ια]

756 495 862 554 illis
889 495 982 554 ihs
1005 526 1020 542 ·
1085 493 1164 553 fili
1194 493 1366 553 huius

756 590 934 649 seculi
961 598 1317 666 generantur

756 692 813 742 et
840 693 1123 761 generant
1152 714 1167 730 ·
1210 682 1255 716 ³⁵
1272 692 1331 741 at

754 777 814 837 hi
843 779 941 854 qui
972 778 1132 853 digni
1162 776 1357 836 haben

754 880 845 931 tur
872 872 1051 931 seculi
1080 872 1250 931 huius
1272 902 1287 918 ·

753 977 812 1025 et
841 967 1180 1026 resurrectio

753 1062 844 1120 nis
872 1079 947 1120 ex
976 1061 1216 1120 mortuis
1235 1092 1249 1107 ·

753 1171 942 1232 neque
970 1156 1194 1214 nubent
1220 1173 1296 1214 ne

754 1267 867 1325 que
897 1249 1113 1309 ducent
1138 1267 1260 1309 uxo

754 1361 843 1402 res
863 1374 878 1389 ·
924 1343 965 1377 ³⁸
981 1361 1173 1420 neque
1200 1350 1297 1403 eni

754 1438 1074 1498 morientur
1092 1469 1107 1485 ·
1167 1456 1307 1498 nam

754 1540 888 1590 sunt
915 1531 1130 1591 similes
1158 1550 1270 1607 age

753 1625 821 1684 lis
841 1656 856 1672 ·
921 1636 978 1684 et
1008 1626 1085 1684 fili
1120 1636 1252 1685 sunt
1279 1625 1338 1685 di

754 1720 887 1796 quia
905 1720 1207 1779 resurrecti

753 1814 881 1873 onis
904 1814 1001 1873 filii
1031 1822 1167 1874 sunt
1189 1846 1204 1861 ·

752 1907 796 1941 ⁸⁷
813 1914 956 1984 qum
985 1920 1116 1968 uere
1144 1927 1307 1970 resur

754 2012 895 2080 gunt
924 2004 1138 2064 mortui
1162 2035 1177 2051 ·

755 2095 998 2174 Moyses
1027 2099 1279 2158 ostendit

753 2194 901 2253 sicut
921 2192 1066 2252 dixit
1093 2190 1232 2250 Uidi

752 2286 810 2345 in
840 2289 989 2347 rubo
1018 2286 1158 2346 dfim
1188 2285 1289 2345 dffi

752 2382 1029 2441 abraham
1058 2389 1116 2440 et
1142 2381 1300 2441 isaac

753 2527 810 2575 et
827 2517 928 2577 ἀῶ
948 2517 1117 2575 iacob
1129 2547 1144 2562 ·
1162 2514 1207 2548 ⁸⁸
1225 2515 1292 2575 ds
1309 2533 1451 2591 ergo

752 2620 1116 2670 mortuorum
1145 2629 1266 2669 non
1295 2619 1384 2669 est

753 2703 855 2763 sed
884 2704 1152 2762 uiuorum
1178 2735 1192 2750 ·
1252 2721 1355 2763 om

753 2814 857 2856 nes
879 2798 1036 2857 enirn
1071 2798 1270 2856 uiuent
1297 2797 1350 2856 ei
1368 2831 1451 2840 —

752 2889 1205 2969 ''Respondens
1235 2902 1429 2951 autem

753 2986 988 3062 quidam
1017 2986 1334 3046 scribarum

752 3082 910 3138 aiunt
938 3080 1054 3138 illi·
1095 3082 1371 3156 magister

752 3173 899 3234 bene
928 3173 1120 3232 dixisti
1141 3205 1156 3220 ·
1198 3174 1243 3206 ⁴⁰
1259 3173 1337 3232 Et
1355 3192 1451 3233 am

753 3268 900 3344 plius
930 3286 1053 3327 non
1082 3280 1217 3328 sunt
1245 3268 1369 3327 ausi

753 3379 883 3420 eum
914 3362 1233 3438 quidquam
1263 3362 1322 3420 in

751 3466 1040 3532 terrogare
1065 3489 1078 3501 ·
1105 3488 1119 3503 ·

750 3549 792 3583 ⁴¹
809 3549 972 3608 Dixit
994 3560 1187 3609 autem
1217 3549 1293 3610 ad
1322 3549 1449 3610 illos

751 3644 1053 3722 quomodo
1082 3643 1283 3703 dicunt

751 3743 891 3814 xpm
922 3738 1100 3795 filium
1130 3737 1304 3797 dauid

751 3849 876 3892 esse
899 3863 914 3879 ·
958 3828 1003 3865 ⁴²
1019 3831 1097 3890 Et
1125 3833 1252 3908 ipse
1274 3831 1449 3891 dauid

752 3926 887 3985 dicit
915 3926 975 3985 in
1002 3926 1150 3985 libro
1179 3927 1308 4003 psal

750 4037 978 4081 morum
1003 4052 1018 4068 ·
1082 4020 1244 4079 Dixit

750 4113 858 4174 diis
891 4116 1014 4175 dr'io
1043 4132 1179 4173 meo
1208 4114 1347 4173 sede

750 4208 821 4267 ad
848 4209 1065 4269 dextris
1092 4208 1242 4267 meis

749 4300 790 4333 ⁴⁸
808 4302 997 4362 donec
1025 4319 1247 4379 ponam

751 4393 1016 4458 inimicos
1045 4405 1179 4456 tuos
1209 4397 1318 4456 sub

2087 319 2443 381 LUCAN-

1507 492 1755 571 pedibus
1771 493 1886 553 tuis
1909 524 1923 540 ·
1967 494 2012 528 ⁴⁴
2030 494 2077 554 si
2104 512 2167 553 er

1506 605 1588 662 go
1617 588 1795 647 dauid
1827 588 1969 647 dfim
2003 589 2103 647 illt'i

1503 692 1679 741 uocat
1747 682 2050 759 quomodo

1505 793 1648 852 ergo
1679 775 1828 834 filius
1855 777 1982 835 eius

2313 513 2493 573 quem
2520 496 2720 557 habuit
2748 498 2901 557 misit

2418 617 2825 641 mmm

2264 683 2298 720 *
2318 684 2340 717 ⁶
2359 684 2434 744 Et
2460 685 2810 763 quibusdam

2261 778 2294 815 *
2314 779 2636 839 dicentibus
2667 780 2738 840 de
2765 786 2822 840 te

1505 880 1595 928 est
1616 901 1631 916 ·
1658 902 1671 916 ·
1715 870 2066 930 “Audiente
2093 889 2169 930 au
2261 872 2294 909 *
2314 873 2414 950 plo
2444 875 2605 950 quod
2636 874 2814 951 lapidi

1506 973 1627 1022 tem
1655 965 1818 1023 omni
1846 963 2069 1041 populo
2089 996 2105 1012 ·

1505 1056 1666 1116 Dixit
1695 1058 1990 1135 discipulis
2021 1077 2092 1118 su

1506 1151 1554 1210 is
1577 1182 1591 1197 ·
1635 1152 1679 1185 ⁴⁸
1696 1152 1988 1211 adtendite
2016 1171 2052 1211 a
2078 1152 2189 1211 scri

1504 1244 1595 1303 bis
1623 1247 1722 1322 qui
1752 1245 1954 1305 uolunt
1982 1264 2079 1305 am

1504 1338 1703 1398 bulare
1730 1339 1792 1398 in
1821 1340 1982 1399 stolis
2005 1370 2020 1386 ·

1504 1442 1562 1490 et
1584 1443 1783 1492 amant
1811 1433 2042 1492 salutati

1503 1543 1651 1585 ones
1678 1528 1738 1584 in
1768 1527 1897 1586 foro
1920 1558 1935 1574 ·
1995 1526 2073 1586 Et
2101 1528 2190 1605 pri

1504 1638 1633 1680 mas
1662 1620 1967 1681 cathedras
2000 1622 2062 1680 in

1503 1717 1821 1792 synagogis
1883 1747 1897 1762 ·
1917 1715 1994 1775 Et
2020 1716 2110 1793 pri

1504 1826 1635 1868 mos
1665 1810 1983 1869 discubitos

1502 1904 1565 1962 in
1592 1904 1876 1964 conuiuiis
1900 1934 1914 1950 ·
1959 1905 2003 1938 ⁴⁷
2021 1906 2121 1983 qui

1502 2000 1874 2059 excusatione
1904 1999 2006 2058 lon

1505 2109 1582 2168 ga
1609 2105 1840 2152 orantes
1863 2124 1877 2139 ·
1940 2092 2094 2154 deuo

1504 2196 1635 2245 rant
1663 2186 1874 2246 domos
1900 2187 1960 2245 ui

1505 2281 1750 2340 duarum
1772 2313 1786 2328 ·
1845 2281 1905 2340 hi
1934 2302 2005 2342 ac

1505 2376 1720 2452 cipient
1741 2375 2039 2437 damnatio

1501 2528 1638 2568 nem
1670 2510 1953 2569 maiorem
1978 2543 1991 2557 ·
2019 2543 2033 2558 ·

1501 2611 1593 2664 21.
1610 2603 1984 2682 ¹Respiciens
2005 2616 2198 2665 autem

1499 2699 1642 2758 uidit
1670 2717 1773 2759 eos
1803 2701 1901 2776 qui
1931 2701 2037 2759 mit

1500 2796 1698 2853 tebant
1726 2813 1971 2855 munera

1501 2888 1561 2945 in
1595 2888 1996 2963 gazofilacium

1501 2981 1756 3057 ipsorum
1788 2982 1994 3042 diuites

1502 3076 1524 3109 ²
1541 3074 1619 3132 Et
1644 3076 1788 3134 uidit
1814 3077 2110 3152 quendam

1501 3169 1735 3228 uiduam
1768 3189 1989 3246 pauper

1503 3264 1694 3322 culam
1722 3266 1983 3324 mittente

1501 3358 1579 3415 ibi
1609 3376 1744 3417 aera
1773 3360 1992 3417 minuta

1502 3451 1619 3511 duo
1643 3484 1657 3499 ·
1701 3453 1722 3485 ⁸
1740 3452 1816 3511 Et
1844 3453 1985 3511 dixit
2013 3454 2102 3512 ihs

1501 3565 1634 3606 uere
1664 3547 1799 3607 dico
1833 3548 2003 3606 uobis
2027 3580 2041 3595 ·

1498 3641 1677 3700 uidua
1703 3641 1811 3701 hec
1843 3661 2066 3719 pauper

1501 3736 1633 3794 cula
1661 3736 1793 3812 plus
1821 3754 2001 3812 quam
2032 3755 2133 3796 om

1498 3849 1607 3890 nes
1623 3831 1777 3888 misit
1795 3862 1809 3877 ·
1848 3831 1870 3863 ⁴
1889 3849 2024 3889 nam
2045 3849 2147 3891 om

1500 3942 1607 3984 nes
1636 3925 1694 3983 hi
1723 3943 1796 3984 ex
1824 3925 2102 3984 abundari

1496 4018 1576 4077 tia
1609 4019 1715 4079 sibi
1746 4020 2027 4078 miserunt

1494 4113 1555 4171 in
1585 4131 1826 4172 munera
1852 4113 1910 4170 di
1932 4144 1946 4159 ·
2008 4112 2142 4172 Hec

1497 4218 1692 4266 autem
1720 4226 1793 4266 ex
1824 4224 1898 4266 eo
1933 4206 2096 4284 quod

1500 4302 1661 4361 deest
1688 4302 1767 4360 illi
1800 4319 2042 4360 omnem

1497 4396 1720 4455 uictum
1749 4412 1916 4453 suum
1939 4428 1952 4441 -

2262 967 2295 1004 *
2317 968 2425 1026 bus
2453 969 2623 1027 bonis
2651 979 2708 1028 et
2736 969 2815 1028 do

2311 1061 2400 1119 nis
2429 1072 2699 1121 ornatum
2728 1064 2801 1122 sit

2310 1154 2473 1214 Dixit
2492 1156 2581 1215 ihs
2605 1188 2620 1204 ·
2664 1157 2847 1217 ‘haec
2874 1157 3011 1217 uide

2311 1249 2381 1308 tis
2438 1251 2674 1310 uenient
2701 1251 2827 1311 dies

2308 1344 2370 1401 in
2399 1346 2608 1420 quibus
2638 1364 2759 1405 non
2787 1364 2849 1405 re

2308 1437 2596 1515 linquetur
2621 1438 2770 1515 lapis

2311 1549 2487 1610 supra
2514 1533 2767 1609 lapidem
2795 1534 2891 1593 hic

2310 1626 2370 1684 in
2398 1628 2615 1703 pariete
2643 1628 2741 1705 qui
2776 1644 2900 1686 non

2310 1720 2636 1780 destruatur
2658 1752 2672 1767 ·
2715 1721 2738 1755 ‘¹
2757 1720 2829 1780 In

2309 1824 2749 1891 terrogauerunt
2780 1834 2856 1874 au

2308 1918 2429 1967 tem
2457 1909 2618 1967 illum
2645 1909 2906 1969 dicentes

2309 2002 2624 2079 Preceptor
2648 2002 2887 2078 quando

2308 2096 2454 2157 haec
2484 2108 2652 2156 erunt
2713 2107 2771 2156 et
2799 2098 2950 2174 quod

2309 2191 2540 2269 signum
2569 2210 2705 2251 cum
2734 2191 2859 2251 futu

2309 2304 2372 2344 ra
2394 2296 2561 2345 erunt
2589 2286 2733 2346 haec
2759 2317 2774 2333 ·
2833 2288 2853 2319 ⁰
2872 2287 2965 2347 ille

2308 2390 2504 2439 autem
2538 2380 2681 2439 dixit
2703 2411 2718 2427 ·
2777 2381 2970 2443 uidete

2307 2533 2381 2573 ne
2410 2514 2768 2573 seducamini
2792 2546 2806 2561 ·

2305 2608 2470 2667 multi
2498 2609 2655 2666 enim
2685 2609 2821 2667 ueni

2305 2713 2405 2762 ent
2431 2703 2492 2761 in
2519 2702 2757 2761 nomine
2786 2720 2924 2762 meo

2306 2796 2563 2855 dicentes
2598 2795 2760 2872 quod

2305 2909 2421 2968 ego
2451 2907 2583 2948 sum
2613 2895 2724 2966 xps
2752 2901 2810 2950 et
2838 2897 2894 2950 te

2306 3003 2415 3063 pus
2443 2984 2812 3062 adpropiauit
2828 3019 2912 3032 —

2306 3080 2485 3139 nolite
2513 3097 2656 3156 ergo
2678 3079 2759 3138 ire

2305 3183 2439 3250 post
2466 3173 2594 3232 illos
2619 3205 2632 3220 ·
2678 3173 2700 3206 ⁹
2721 3173 2877 3233 Cum

2305 3278 2498 3326 autem
2528 3267 2784 3328 uideritis

2305 3361 2525 3437 proelia
2553 3373 2612 3421 et
2641 3362 2817 3422 auditi

2305 3475 2450 3514 ones
2472 3457 2806 3532 proelioru-

2306 3550 2483 3609 nolite
2513 3550 2714 3608 timere
2745 3580 2760 3596 ·

2307 3654 2540 3720 oportet
2568 3645 2725 3702 enirn
2756 3643 2864 3704 hec

2305 3739 2557 3815 primum
2588 3738 2769 3796 fieri-

2266 3844 2270 3847 ·
2309 3832 2414 3891 sed
2444 3850 2565 3890 non
2596 3833 2788 3890 statim
2817 3833 2858 3891 fi

2307 3926 2398 3984 nis
2426 3926 2485 3983 in
2515 3925 2622 3983 illis
2645 3956 2659 3971 ·
2703 3924 2749 3959 ¹⁰
2766 3925 2944 3987 Tunc

2310 4018 2538 4079 dicebat
2566 4019 2674 4078 illis
2737 4037 2837 4079 sur

2308 4125 2408 4189 get
2441 4130 2587 4189 gens
2617 4124 2823 4174 contra

2307 4216 2546 4285 gentem
2606 4214 2664 4266 et
2690 4225 2796 4285 reg

2306 4320 2447 4361 num
2469 4301 2747 4361 aduersus

2305 4413 2554 4473 regnum
2612 4394 2731 4456 ²¹et
2761 4408 2910 4458 terre

3652 339 3773 411 ¹05

3065 509 3263 559 motus
3290 518 3582 577 magunus

3066 594 3172 653 erit
3198 613 3304 671 per
3329 594 3461 655 loca
3488 605 3545 655 et

3065 688 3427 764 pestilentiae
3457 700 3514 749 et
3540 689 3602 750 fa

3064 796 3193 840 mes
3213 813 3228 829 ·
3290 792 3456 842 erunt
3486 793 3641 845 terro

3063 892 3155 933 res
3184 893 3335 953 quae
3365 877 3438 937 de
3468 878 3599 939 celo
3623 910 3639 926 ·

3062 979 3122 1027 et
3149 969 3319 1046 signa
3345 988 3562 1048 magna
3587 990 3624 1032 e

3061 1072 3198 1121 runt
3260 1075 3318 1124 et
3344 1075 3571 1142 tempes

3059 1165 3205 1217 tates
3235 1189 3251 1205 ·
3278 1191 3290 1206 ·
3318 1189 3331 1205 ·
3375 1156 3552 1219 ²²Sed
3582 1170 3719 1220 ante

3062 1250 3171 1311 hec
3198 1255 3401 1312 omnia
3429 1254 3663 1314 inicient

3061 1345 3123 1404 in
3151 1364 3261 1405 uos
3288 1366 3501 1408 manus
3530 1366 3601 1408 su

3061 1457 3128 1499 as
3186 1449 3244 1500 et
3272 1459 3603 1520 persequen

3061 1543 3154 1591 tur
3177 1565 3191 1580 ·
3251 1535 3548 1595 tradentur

3061 1627 3123 1685 in
3151 1630 3477 1706 synagogis
3505 1640 3564 1689 et
3590 1630 3654 1689 in

3061 1722 3358 1782 custodias
3381 1753 3395 1768 ·
3461 1722 3654 1782 ducen

3059 1825 3147 1874 tes
3176 1815 3252 1874 ad
3280 1834 3445 1893 reges
3475 1826 3531 1876 et
3560 1836 3665 1894 pre

3061 1909 3217 1968 sides
3245 1920 3484 1986 propter
3517 1929 3597 1971 no

3060 2020 3199 2062 men
3227 2021 3424 2062 meum
3486 2004 3527 2037 ¹⁸
3546 2004 3682 2066 Con

3059 2097 3242 2173 tinget
3271 2099 3427 2156 enim
3456 2098 3516 2156 in
3546 2108 3633 2158 tes

3057 2190 3361 2249 timonium
3388 2193 3559 2251 uobis

3058 2282 3102 2316 ²⁴
3122 2282 3330 2343 Ponite
3358 2302 3501 2362 ergo
3530 2286 3591 2345 in
3622 2303 3728 2347 cor

3061 2379 3228 2438 dibus
3256 2380 3461 2438 uestris

3057 2530 3180 2572 non
3207 2512 3577 2588 premeditari
3601 2543 3616 2561 ·

3056 2606 3557 2682 quemadmodum

3057 2700 3459 2776 respondeatis
3488 2731 3502 2746 ·
3548 2699 3592 2733 ¹⁸
3607 2718 3725 2778 ego

3059 2795 3218 2853 enirn
3252 2793 3412 2852 dabo
3442 2795 3613 2854 uobis

3058 2907 3127 2948 os
3156 2899 3215 2947 et
3242 2889 3590 2964 sapientiam
3616 2909 3647 2935 ··

3060 2984 3151 3042 cui
3182 3000 3303 3042 non
3333 2990 3610 3059 poterunt

3059 3077 3322 3136 resistere
3381 3078 3560 3135 aduer

3061 3172 3195 3230 sarii
3225 3172 3399 3231 uestri
3424 3202 3438 3217 ·
3482 3169 3524 3204 ²⁸
3545 3170 3669 3231 Tra

3063 3265 3267 3324 dimini
3297 3265 3453 3324 enirn
3487 3284 3521 3324 a
3549 3283 3628 3342 pa

3061 3360 3352 3417 rentibus·
3413 3370 3471 3417 et
3499 3358 3655 3418 fratri

3062 3454 3174 3512 bus
3193 3483 3207 3499 ·
3272 3463 3330 3510 et
3357 3471 3394 3512 a
3422 3453 3687 3527 cognatis
3710 3484 3726 3500 ·

3061 3555 3120 3604 et
3146 3546 3350 3604 amicis
3374 3577 3389 3593 ·
3449 3558 3506 3605 et
3535 3556 3727 3607 morte

2971 3658 2982 3666 ·
3061 3638 3333 3699 adficient
3360 3659 3433 3698 ex
3461 3640 3633 3698 uobis
3653 3671 3669 3687 ·

3062 3731 3106 3767 ²⁷
3123 3733 3201 3792 Et
3229 3734 3383 3792 eritis
3411 3733 3549 3794 odio
3578 3735 3745 3795 omni

3062 3827 3169 3885 bus
3199 3826 3529 3888 hominibus
3559 3838 3700 3906 prop

3060 3931 3145 3980 ter
3174 3940 3397 3981 nomen
3424 3940 3625 3981 meum

3060 4014 3104 4047 ¹⁸
3120 4015 3198 4074 Et
3225 4015 3470 4092 capillus
3492 4016 3700 4092 capitis

3060 4108 3235 4167 uestri
3264 4127 3386 4167 non
3414 4109 3622 4184 peribit
3639 4140 3655 4156 ·

3058 4200 3104 4235 ¹⁹
3124 4203 3186 4260 in
3213 4212 3404 4261 uestra
3429 4203 3708 4279 patientia
3724 4236 3740 4253 ·

3059 4295 3354 4372 adquiritis
3379 4297 3607 4372 ⁴animas

3059 4400 3281 4451 uestras
3305 4422 3320 4438 ·
3363 4387 3409 4422 '⁰
3426 4390 3582 4451 Cum
3609 4397 3744 4453 auti

3401 4516 3436 4558 r

3791 511 3916 559 rot
3940 510 4064 559 148.
