4414 4917
892 440 1017 500 144
1770 418 2230 480 EDITORIS
2269 419 2730 480 NOTULAE.

886 602 1008 656 1701.
1034 600 1122 656 68.
1176 615 1259 669 27.
1298 602 1508 672 oprtuit
1534 620 1607 657 m.
1612 605 1698 673 p.,
1724 619 1759 657 0
1783 607 2059 673 superscr.
2085 619 2229 656 corr.
2256 619 2330 656 m.
2337 606 2404 672 p.
2479 616 2564 669 31.
2604 603 2638 658 †
2663 606 2796 656 ante
2822 602 2966 657 Cum
2997 620 3176 657 manu
3204 617 3250 671 2,
3276 604 3512 657 initium
3539 614 3607 657 ut

1026 686 1210 741 udtur
1231 686 1500 743 lectionis.

888 785 1009 840 1701.
1035 785 1175 840 681).
1226 801 1311 855 34.
1350 797 1504 857 patrs
1530 804 1604 841 m.
1612 789 1697 857 p.,
1724 786 1739 840 i
1764 789 2041 857 superscr.
2066 802 2210 840 corr.
2237 803 2311 840 m.
2319 790 2385 856 p.

887 887 1009 941 1701.
1035 885 1121 941 69.
1171 902 1259 954 41.
1296 904 1353 940 m
1377 887 1441 943 in
1462 886 1748 941 sinistram
1773 889 2055 957 expunxit
2076 892 2131 941 et
2141 887 2510 957 perlineauit
2525 903 2669 942 corr.
2695 901 2770 941 m.
2779 890 2845 957 p.

1027 985 1114 1037 42.
1151 969 1355 1025 dedisti
1382 974 1548 1041 ηιμ,
1575 987 1602 1025 s
1627 974 1901 1041 superscr.
1927 986 2070 1024 corr.
2097 987 2170 1024 m.
2179 974 2246 1041 p.

885 1070 1006 1125 1701.
1032 1070 1104 1123 69
1121 1069 1176 1124 b.
1223 1070 1311 1136 46.
1348 1081 1438 1125 aet
1462 1072 1527 1125 in
1552 1081 1812 1127 aeternas
1836 1084 1909 1124 ex
1930 1080 1986 1126 at
2016 1073 2267 1125 correxit
2297 1088 2370 1123 m.
2379 1073 2444 1140 p.
2519 1070 2606 1124 26.
2632 1084 2682 1138 3.
2708 1081 2913 1139 congat
2937 1072 3243 1140 scripserat
3263 1074 3425 1142 ηιμ,
3453 1071 3614 1140 quod

1027 1155 1092 1206 in
1118 1153 1441 1223 congregati
1469 1156 1718 1208 correxit
1739 1153 1929 1208 eadem
1954 1171 2177 1208 manus.

888 1254 933 1308 F
937 1253 1009 1307 ol.
1038 1254 1106 1307 70
1125 1254 1180 1307 b.
1238 1266 1318 1320 17.
1355 1254 1428 1308 In
1453 1257 1715 1326 margine
1732 1256 1963 1325 scripsit
1978 1271 2119 1310 cena
2134 1254 2193 1309 di
2219 1272 2293 1309 m.
2323 1269 2369 1308 2.
2453 1268 2529 1322 19.
2557 1270 2655 1309 uer
2666 1255 2734 1308 in
2753 1264 3092 1323 parauerunt
3110 1255 3175 1308 in
3196 1270 3308 1309 ras.
3327 1255 3603 1325 scriptum

1031 1342 1130 1404 est,
1158 1337 1262 1391 sed
1278 1355 1315 1390 a
1340 1355 1413 1391 m.
1419 1341 1485 1408 p.

893 1437 1013 1491 1701.
1043 1437 1127 1490 71.
1180 1451 1263 1490 21.
1302 1438 1417 1507 qud
1443 1442 1609 1507 ηιμ,
1635 1456 1670 1492 0
1694 1443 1968 1509 superscr.
1994 1456 2137 1492 corr.
2164 1456 2239 1492 m.
2243 1441 2309 1509 p.
2386 1452 2469 1505 24.
2509 1439 2545 1492 h
2571 1437 2819 1493 hominis
2845 1442 3009 1509 ηιμ,
3045 1439 3149 1492 sed
3165 1441 3341 1509 prior
3367 1439 3403 1491 h
3441 1454 3605 1493 erasa

1028 1525 1126 1574 est.
1198 1521 1287 1575 26.
1324 1520 1544 1591 accipte
1570 1525 1736 1591 ηιμ,
1763 1522 1779 1575 i
1805 1525 2081 1593 superscr.
2107 1539 2252 1576 corr.
2279 1539 2353 1575 m.
2381 1535 2430 1589 3.

893 1621 1013 1674 Fol.
1041 1621 1104 1674 71
1126 1620 1181 1673 1).
1234 1635 1318 1689 29.
1359 1623 1498 1676 uobs
1525 1626 1686 1692 ηιμ,
1713 1621 1729 1675 i
1755 1627 2030 1693 superscr.
2056 1640 2200 1676 corr.
2227 1639 2300 1676 m.
2308 1626 2374 1691 p.

892 1721 937 1773 F
942 1722 1015 1775 ol.
1043 1720 1128 1775 72.
1179 1736 1265 1790 34.
1304 1732 1432 1776 note
1460 1740 1533 1775 m.
1547 1726 1631 1792 p.,
1668 1739 1699 1777 c
1734 1725 2009 1793 superscr.
2046 1739 2189 1777 corr.
2218 1740 2291 1775 m.
2316 1736 2366 1790 3.
2444 1736 2528 1790 37.
2566 1722 2841 1777 cottistari
2878 1740 2953 1775 m.
2966 1726 3051 1792 p.,
3081 1740 3118 1776 n
3151 1725 3424 1791 superscr.
3460 1739 3604 1777 corr.

1030 1821 1105 1857 m.
1132 1819 1182 1872 3.
1253 1819 1340 1871 40.
1378 1815 1534 1860 entes
1557 1807 1621 1858 in
1649 1805 1990 1862 dormientes
2015 1807 2205 1860 subter
2228 1806 2437 1860 lineam
2462 1808 2694 1876 scripsit
2718 1822 2791 1858 m.
2795 1808 2860 1875 p.
2869 1824 2902 1870 ‚·
2936 1805 3014 1859 mi
3051 1823 3088 1857 a
3124 1823 3196 1858 m.
3209 1808 3276 1874 p.
3312 1807 3604 1875 scriptum,

1018 1891 1205 1958 paene
1226 1890 1480 1955 euanuit,
1506 1890 1664 1958 quod
1680 1896 1885 1943 notans
1906 1895 2187 1944 corrector
2194 1891 2486 1959 posterior
2507 1889 2732 1944 addidit
2753 1889 2829 1943 mi
2848 1889 3038 1944 subter
3053 1889 3261 1942 lineam
3280 1893 3414 1942 ante
3430 1900 3603 1945 entes.

890 1988 1012 2041 1701.
1040 1988 1107 2041 72
1122 1988 1177 2041 1).
1222 2003 1309 2054 41.
1346 2005 1425 2042 nn
1450 1992 1614 2058 ηιμ,
1641 2007 1676 2044 0
1700 1994 1971 2060 superscr.
1992 2007 2134 2044 corr.
2162 2008 2235 2043 m.
2245 1994 2310 2059 p.
2335 1990 2605 2044 similiter
2624 1991 2690 2043 in
2715 2007 2771 2043 v.
2797 2004 2884 2057 42.

1030 2083 1117 2137 47.
1154 2072 1382 2141 loqunte
1407 2076 1571 2142 ηιμ,
1596 2091 1628 2127 e
1652 2076 1925 2143 superscr.
1950 2091 2095 2128 corr.
2120 2077 2264 2143 ηιμ

893 2172 1012 2225 1701.
1040 2172 1183 2225 731).
1237 2183 1319 2241 54.
1357 2172 1604 2242 quomdo
1642 2177 1812 2243 ηιμ,
1855 2190 1890 2226 0
1932 2178 2209 2244 superscr.
2247 2190 2390 2227 corr.
2427 2176 2574 2242 ηιμ
2652 2184 2734 2242 55.
2776 2174 2842 2226 In
2876 2172 3002 2227 illa:
3039 2173 3096 2226 ni
3133 2175 3198 2227 in
3227 2190 3348 2228 ras.
3383 2190 3489 2229 scr.
3524 2180 3611 2227 est

1032 2256 1259 2309 Forsan
1297 2256 1403 2310 Illa
1438 2256 1674 2309 scribere
1707 2258 1994 2326 inceperat
2028 2262 2189 2327 ηιμ,
2217 2256 2375 2326 quod
2401 2258 2465 2311 in
2521 2258 2586 2309 In
2624 2256 2719 2311 illa
2754 2257 3007 2310 mutauit
3040 2258 3158 2326 ipse
3178 2256 3376 2311 scriba.
3450 2273 3605 2312 com-

1032 2338 1345 2407 prehndere
1373 2377 1386 2393 .
1413 2378 1427 2392 .
1454 2378 1467 2393 .
1495 2340 1675 2394 docen
1702 2380 1715 2393 .
1742 2379 1757 2394 .
1784 2380 1797 2393 .
1824 2357 1901 2394 nn
1941 2345 2106 2411 ηιμ,
2133 2358 2165 2395 e
2193 2380 2206 2394 .
2236 2380 2249 2394 .
2277 2381 2292 2395 .
2318 2359 2344 2395 s
2372 2380 2385 2394 .
2413 2380 2426 2394 .
2455 2380 2468 2394 .
2495 2357 2531 2393 0
2566 2344 2840 2409 superscr.
2866 2356 3009 2394 corr.
3036 2343 3182 2410 ηιμ
3257 2341 3340 2406 58.
3376 2341 3544 2394 Inter
3575 2357 3606 2394 c

1029 2428 1087 2476 et
1117 2438 1198 2477 u-
1234 2424 1299 2477 in
1338 2439 1448 2477 cu-
1475 2429 1559 2477 est
1588 2425 1839 2493 spatium
1876 2426 2048 2494 quasi
2081 2425 2257 2480 unius
2293 2424 2518 2478 litterae
2527 2442 2561 2490 ,·
2596 2424 2921 2478 membrana
2953 2439 3086 2477 uero
3112 2423 3362 2478 lacerata
3397 2428 3493 2492 est,
3521 2425 3607 2478 ita

1032 2513 1101 2561 ut
1130 2505 1344 2576 forsan
1393 2509 1462 2561 ui
1496 2507 1733 2562 diuulsa
1780 2511 2011 2579 speciem
2063 2509 2281 2563 dederit
2327 2513 2394 2562 ut
2439 2508 2497 2563 si
2540 2508 2736 2562 littera
2783 2507 2920 2561 olim
2969 2508 3033 2561 in
3081 2506 3199 2561 loco
3247 2507 3608 2562 lacerationis

1032 2592 1352 2645 exstitisset.

894 2691 1014 2745 1701.
1042 2691 1185 2745 741).
1234 2691 1322 2746 66.
1360 2692 1503 2746 uobs
1542 2696 1707 2762 ηιμ,
1746 2692 1762 2746 i
1800 2696 2073 2762 superscr.
2111 2709 2256 2747 corr.
2293 2710 2366 2746 m.
2379 2696 2445 2762 p.
2517 2693 2604 2758 67.
2643 2690 2856 2761 colapis
2889 2694 3053 2760 m.p.,
3085 2691 3121 2744 h
3155 2692 3431 2760 superscr.
3463 2706 3606 2743 corr.

1033 2791 1107 2827 m.
1114 2778 1181 2844 p.
1254 2787 1341 2842 70.
1381 2774 1520 2829 dicis
1545 2777 1610 2829 in
1634 2792 1747 2830 ras.
1775 2775 1933 2830 dicas
1958 2793 2064 2832 scr.
2089 2781 2173 2830 est
2194 2793 2233 2830 a
2259 2777 2406 2845 ηιμ
2480 2788 2565 2843 71.
2604 2793 2632 2828 r
2655 2777 2719 2829 in
2743 2791 3024 2828 nazoreno
3059 2774 3124 2828 in
3149 2790 3262 2828 ras.
3288 2776 3503 2843 scripta
3525 2779 3611 2827 est

1034 2874 1070 2909 a
1096 2861 1244 2927 ηιμ

896 2957 1017 3010 1701.
1047 2957 1130 3010 75.
1181 2970 1267 3025 73.
1307 2956 1410 3010 illis
1446 2973 1508 3011 es
1546 2967 1641 3011 tu:
1678 2961 1985 3028 scripserat
2017 2977 2091 3014 m.
2104 2963 2171 3029 p.
2210 2959 2353 3026 ilest,
2398 2959 2555 3028 quod
2579 2960 2827 3013 correxit
2856 2973 2998 3012 corr.
3024 2960 3188 3028 ηιμ,
3221 2957 3239 3011 l
3270 2958 3607 3028 superscrib-

1033 3039 1189 3108 endo,
1217 3040 1232 3093 i
1258 3042 1322 3094 in
1347 3057 1461 3093 ras.
1485 3057 1518 3096 e
1541 3041 1838 3110 scribendo,
1864 3049 2033 3112 atque
2058 3053 2078 3097 t
2103 3043 2168 3096 in
2192 3059 2225 3097 e
2252 3041 2540 3096 mutando.

1036 3135 1122 3193 75.
1160 3124 1276 3195 qud
1301 3142 1374 3178 m.
1383 3127 1464 3194 p.,
1501 3140 1536 3177 0
1567 3129 1840 3194 superscr.
1877 3143 2020 3181 corr.
2046 3144 2119 3179 m.
2126 3130 2192 3197 p.
2270 3127 2356 3180 27.
2396 3141 2445 3180 2.
2483 3125 2863 3181 etradiderunt
2900 3128 3066 3195 m.p.,
3104 3134 3125 3179 t
3162 3128 3438 3195 superscr.
3464 3140 3607 3178 corr.

1035 3225 1109 3260 m.
1166 3247 1179 3261 .

897 3309 1017 3363 1701.
1046 3211 1188 3363 75ξ).
1226 3308 1259 3363 8
1298 3307 1632 3363 inodiernu-
1669 3313 1830 3378 ηιμ,
1857 3310 1893 3363 h
1921 3313 2195 3380 superscr.
2223 3326 2364 3363 corr.
2390 3326 2463 3363 m.
2467 3313 2533 3379 p.

896 3411 1018 3464 1701.
1047 3409 1131 3463 76.
1189 3425 1268 3464 12.
1306 3408 1646 3478 respndebat
1671 3427 1745 3462 m.
1758 3413 1843 3479 p.,
1883 3426 1918 3463 0
1954 3413 2228 3479 superscr.
2248 3426 2393 3464 corr.
2418 3427 2491 3463 m.
2496 3414 2562 3480 p.
2643 3424 2721 3478 13.
2743 3425 2778 3463 o
2802 3410 2865 3464 in
2890 3407 3210 3465 testimonia
3232 3407 3340 3462 exi
3367 3410 3614 3462 correxit

1036 3496 1185 3564 ηιμ
1264 3492 1345 3548 16.
1388 3492 1620 3547 Habant
1647 3497 1808 3562 ηιμ,
1834 3493 1905 3548 eb
1930 3498 2202 3563 superscr.
2229 3510 2371 3548 corr.
2398 3511 2471 3547 m.
2478 3496 2544 3563 p.

897 3594 1018 3649 Fol.
1045 3594 1115 3647 76
1132 3593 1188 3649 b.
1245 3608 1325 3662 19.
1363 3593 1479 3648 nihl
1505 3611 1578 3646 m.
1588 3597 1673 3664 μ,
1700 3594 1716 3648 i
1740 3598 2017 3664 superscr.
2042 3611 2185 3648 corr.
2213 3611 2286 3647 ηι
2293 3598 2358 3664 p.

896 3691 943 3745 F
946 3690 1017 3746 01.
1047 3690 1131 3743 77.
1182 3701 1267 3756 27.
1305 3690 1468 3743 Tunc
1506 3690 1709 3746 milites
1746 3708 1844 3760 pre
1868 3691 1934 3744 in
1967 3707 2084 3744 ras.
2111 3692 2387 3760 scriptum
2419 3695 2516 3743 est.
2591 3689 2646 3744 in
2682 3693 2955 3758 superscr.
2993 3705 3134 3743 corr.
3173 3705 3246 3741 m.
3253 3690 3319 3757 p.
3394 3702 3477 3756 29.
3505 3705 3608 3742 uae

1035 3774 1100 3827 in
1126 3773 1306 3828 hauae
1329 3774 1394 3827 in
1419 3791 1532 3827 ras.
1557 3790 1663 3828 scr.
1687 3780 1784 3829 est.

897 3870 1017 3924 1701.
1046 3870 1113 3921 77
1133 3870 1188 3923 1).
1239 3881 1324 3938 37.
1363 3886 1529 3940 super
1552 3886 1626 3923 ex
1645 3887 1816 3940 supra
1840 3870 2087 3924 correxit
2108 3886 2181 3923 ηι
2184 3874 2252 3940 p.

898 3966 1019 4020 1701.
1047 3965 1132 4019 78.
1180 3980 1267 4031 42.
1306 3965 1487 4020 salum
1512 3969 1680 4037 ηιμ,
1706 3983 1742 4020 u
1764 3970 2039 4036 superscr.
2065 3983 2210 4020 corr.
2235 3983 2309 4019 m.
2318 3970 2383 4035 p.

898 4063 1018 4117 Fol.
1048 4061 1115 4115 78
1136 4061 1189 4116 b.
1237 4061 1325 4128 48.
1364 4061 1565 4118 dabaei
1592 4079 1665 4115 m.
1672 4066 1757 4132 p.,
1780 4072 1802 4118 t
1827 4066 2100 4132 superscr.
2120 4079 2265 4117 corr.
2291 4066 2434 4131 ηιμ

897 4159 1019 4213 1701.
1047 4157 1133 4212 79.
1186 4159 1268 4228 56.
1306 4175 1410 4230 qus
1436 4161 1602 4229 ηιμ,
1626 4176 1661 4214 a
1685 4163 1958 4228 superscr.
1981 4174 2125 4213 corr.
2150 4176 2226 4212 m.
2233 4162 2299 4229 p.
2372 4167 2515 4214 mter
2539 4175 2611 4211 m.
2616 4161 2700 4228 p.,
2726 4174 2761 4212 a
2785 4161 3059 4228 superscr.
3083 4173 3227 4211 corr.
3253 4173 3326 4209 ηι
3329 4159 3396 4226 p.

899 4254 1021 4307 1701.
1049 4253 1117 4306 79
1137 4254 1190 4308 b.
1238 4255 1326 4310 62.
1352 4254 1610 4325 princeps
1638 4258 1803 4325 ηιμ,
1827 4272 1859 4310 e
1881 4259 2156 4325 superscr.
2181 4272 2326 4309 corr.
2352 4273 2426 4308 m.
2432 4257 2499 4325 p.
