4414 4917
827 309 911 393 96

531 483 656 532 1⁸01.
677 482 802 533 139-
827 483 959 542 illos
978 514 993 529 ·
1057 482 1079 515 ⁸
1097 499 1234 542 cum
1262 481 1385 541 inui

826 587 978 636 tatus
1006 576 1180 635 fueris
1207 578 1282 635 ab

823 671 1022 748 aliquo
1050 671 1127 729 ad
1154 670 1322 748 nupti

824 782 891 823 as
960 764 1081 823 noli
1109 763 1337 823 discum

823 858 961 917 bere
991 858 1051 916 in
1080 859 1273 936 primo
1304 857 1365 916 lo

825 970 899 1012 co
918 984 932 999 ·
993 971 1067 1011 ne
1098 953 1243 1011 forte
1271 952 1351 1012 ho

824 1047 1083 1106 noratior
1111 1057 1167 1107 te
1196 1048 1269 1105 sit

823 1151 1072 1201 uocatus
1092 1173 1107 1187 ·
1168 1142 1191 1174 ⁹
1207 1141 1285 1199 Et
1311 1140 1448 1199 ueni

825 1244 884 1293 at
911 1236 1010 1312 qui
1038 1245 1094 1293 te
1122 1244 1178 1294 et
1206 1235 1366 1293 illurn

825 1329 1062 1387 uocauit
1128 1338 1187 1386 et
1212 1328 1368 1387 dicat

826 1423 929 1480 tibi
1013 1423 1089 1481 da
1118 1422 1252 1481 huic
1283 1424 1419 1481 locu

823 1516 901 1573 Et
929 1516 1171 1592 incipies
1200 1534 1335 1574 cum
1363 1535 1429 1575 ru

826 1610 967 1668 bore
998 1610 1323 1669 nouissimi!

825 1702 1022 1763 locum
1048 1690 1246 1763 tenere

825 1797 871 1831 ¹⁰
890 1797 1005 1856 Sed
1032 1816 1168 1856 cum
1195 1808 1441 1859 uocatus

825 1890 1000 1951 fueris
1027 1892 1177 1951 uade
1206 1911 1268 1951 re

825 1987 1036 2045 cumbe
1067 1987 1127 2044 in
1155 1987 1326 2046 nouis

826 2080 977 2139 simo
1003 2079 1140 2139 loco
1159 2111 1173 2126 ·
1238 2092 1302 2140 ut
1329 2087 1405 2140 εὖ

824 2174 1046 2233 uenerit
1073 2176 1173 2252 qui
1203 2184 1255 2234 te
1284 2177 1345 2234 in

824 2268 1030 2327 uitauit
1057 2269 1209 2328 dicat
1237 2269 1341 2328 tibi

827 2400 1034 2460 Amice
1064 2399 1274 2461 accede
1296 2418 1365 2460 su

827 2495 1089 2571 superius
1108 2525 1123 2540 ·
1181 2504 1322 2554 tunc

826 2590 934 2648 erit
955 2589 1055 2647 tibi
1084 2589 1270 2664 gloria

828 2701 963 2742 cum
993 2683 1164 2742 simul
1192 2684 1356 2743 discfi

825 2777 1100 2835 bentibus
1123 2808 1136 2822 ·
1180 2775 1222 2809 ¹¹
1242 2779 1381 2853 quia

827 2871 1022 2928 omnis
1050 2871 1150 2947 qui
1180 2889 1242 2930 se
1270 2870 1401 2929 exal

828 2972 912 3020 tat
939 2963 1291 3023 humiliabar

828 3068 886 3116 et
912 3058 1011 3134 qui
1040 3075 1102 3115 se
1132 3057 1393 3118 humiliat

827 3152 1172 3211 exaltabitur
1193 3183 1208 3198 ·
1232 3178 1315 3204 m

829 3243 872 3278 ²²
889 3246 1137 3305 Dicebat
1165 3258 1357 3305 autem
1383 3256 1443 3306 et

826 3340 1120 3400 inuitatori
1143 3372 1157 3387 ·
1228 3359 1367 3400 cum

826 3434 965 3495 s⁸cis
994 3435 1303 3512 prandium

830 3541 928 3589 aut
948 3548 1159 3589 cenam
1178 3561 1193 3576 ·
1258 3528 1377 3589 noli

827 3625 1070 3683 inuitare
1098 3625 1324 3684 amicos

827 3728 960 3778 tuos
984 3750 999 3766 ·
1062 3737 1252 3796 neque
1282 3718 1369 3778 fra

825 3822 939 3871 tres
962 3844 977 3858 ·
1042 3831 1230 3890 neque
1260 3830 1378 3889 cog

829 3918 1001 3967 natos
1029 3916 1162 3967 tuos
1181 3938 1197 3952 ·
1260 3926 1336 3966 ne

829 4020 979 4079 quae
1007 4002 1233 4062 uicinos
1262 4002 1381 4061 diui

829 4105 915 4155 tes
934 4127 949 4142 ·
1009 4114 1083 4155 ne
1112 4097 1259 4156 forte

827 4200 886 4249 et
911 4190 1022 4267 ipsi
1053 4200 1108 4249 te
1137 4190 1447 4249 reinuitent

2194 309 2435 371 SECD
2454 340 2468 355 ·

1579 480 1658 540 Et
1683 482 1790 541 erit
1819 482 1919 541 tibi
1948 482 2163 541 retribu

1578 575 1695 635 tio·
1740 575 1903 636 ¹³sed
1934 596 2072 635 curn
2099 576 2245 636 facis

1579 671 1921 730 conuiuium
2008 690 2162 730 uoca

1578 756 1863 841 pauperes
1944 765 2164 825 debiles

1579 858 1783 917 clodos
1802 889 1817 905 ·
1860 877 2072 918 caecos
2140 858 2184 892 ¹⁴
2206 870 2264 919 et

1578 952 1784 1011 beatus
1813 952 1925 1012 eris
1948 983 1963 998 ·
2027 953 2186 1031 quod

1580 1063 1705 1105 non
1733 1045 1950 1105 habent
1978 1049 2108 1106 retri

1578 1139 1755 1198 buere
1777 1141 1879 1199 tibi
1904 1172 1918 1187 ·
1972 1141 2103 1200 retri

1580 1234 1789 1293 buetur
1813 1243 2007 1293 autem
2036 1235 2138 1295 tibi

1578 1326 1639 1385 in
1668 1330 2082 1388 resurrectione

1579 1420 1862 1480 iustorum
1886 1453 1901 1468 ·
1964 1422 2009 1456 ¹⁸
2026 1423 2183 1482 Audi

1577 1533 1683 1575 ens
1713 1525 1905 1574 autern
1933 1518 2162 1593 quida-

1578 1608 1652 1667 de
1682 1609 1854 1668 simul
1883 1609 2109 1669 discum

1579 1702 1850 1762 bentibus
1880 1703 2023 1763 haec
2054 1704 2153 1762 dix

1579 1796 1621 1854 it
1649 1797 1726 1854 illi
1746 1829 1761 1844 ·
1823 1798 2037 1858 Beatus

1577 1890 1678 1967 qui
1706 1891 2071 1951 manducaue

1577 1984 1647 2042 rit
1675 2003 1892 2061 panem
1920 1987 1980 2043 in
2014 2004 2115 2063 reg

1578 2095 1659 2136 no
1689 2077 1749 2137 di
1771 2111 1785 2125 ·
1808 2110 1821 2125 ·
1865 2078 1909 2112 ¹⁶
1926 2081 2005 2138 At
2032 2082 2156 2157 ipse

1581 2171 1721 2230 dixit
1738 2173 1792 2231 ei
1811 2204 1825 2219 ·
1848 2204 1862 2219 ·
1903 2173 2111 2233 Homo

1578 2267 1818 2343 quidam
1846 2267 1979 2327 fecit

1579 2417 1821 2458 caenam
1851 2417 2128 2477 magnam

1576 2504 1634 2553 et
1661 2495 1894 2554 uocauit
1922 2495 2137 2554 multos
2160 2526 2175 2542 ·

1577 2587 1622 2620 ¹⁷
1638 2599 1695 2646 et
1723 2588 1876 2646 misit
1905 2606 2138 2648 seruum
2170 2607 2239 2648 su

1577 2700 1677 2740 um
1708 2683 1783 2741 ad
1810 2682 2017 2742 horam
2046 2702 2262 2742 caenae

1579 2787 1643 2835 ut
1672 2777 1889 2835 diceret
1918 2778 2099 2836 inuita

1577 2871 1651 2928 tis
1739 2871 1927 2929 uenite
1956 2872 2071 2929 iam
2102 2889 2177 2948 pa

1579 2975 1768 3022 ratum
1796 2974 1884 3023 est
1902 2994 1916 3009 ·
1961 2963 2003 2997 ¹⁸
2019 2965 2096 3024 Et
2125 2983 2234 3026 coe

1581 3066 1790 3134 perunt
1818 3057 1985 3115 simul
2017 3076 2119 3117 om

1580 3169 1685 3210 nes
1712 3169 1988 3210 excusare
2019 3170 2079 3211 se

1581 3244 1808 3304 Primus
1837 3245 1980 3304 dixit
2064 3245 2144 3304 uil

1579 3338 1696 3398 lam
1726 3339 1874 3398 aemi
1902 3350 1959 3397 et
1988 3359 2161 3400 neces

1580 3450 1641 3491 se
1670 3432 1860 3492 habeo
1887 3434 2042 3492 exire
2073 3444 2132 3493 et

1580 3526 1775 3585 uidere
1804 3526 1962 3585 illam
1989 3558 2002 3573 ·
2070 3547 2139 3588 ro

1580 3639 1661 3698 go
1691 3631 1747 3680 te
1776 3621 1927 3679 habe
1955 3639 2050 3680 me
2079 3641 2260 3682 excus

1583 3725 1772 3775 satum
1803 3747 1816 3761 ·
1843 3746 1857 3761 ·
1883 3746 1897 3761 ·
1928 3713 1972 3748 ¹⁹
1987 3715 2064 3773 Et
2092 3716 2240 3777 alius

1583 3810 1726 3868 dixit
1754 3811 1892 3885 iuga
1918 3809 2140 3869 bouum

1581 3906 1732 3964 aemi
1760 3906 1967 3981 quinq*
1996 3914 2052 3963 et
2079 3925 2153 3965 eo

1580 4001 1828 4076 probare
1857 4001 1953 4060 illa
2013 4011 2071 4060 et
2098 4002 2118 4058 i

1581 4096 1693 4154 deo
1721 4096 1919 4154 uenire
1947 4114 2070 4154 non
2098 4114 2210 4172 pos

1581 4206 1714 4248 sum
1739 4220 1781 4235 ··
1804 4186 1934 4249 ”Et
1962 4190 2108 4249 alius
2137 4190 2280 4249 dixit

2391 497 2638 540 uxorem
2669 478 2808 539 duxi
2874 488 2931 538 et

2392 592 2514 633 non
2543 592 2785 651 possum
2815 573 2950 632 ueni

2389 686 2452 728 re
2475 699 2489 714 ·
2511 698 2526 714 ·
2547 700 2561 715 ·
2605 666 2648 698 ²¹
2666 668 2746 727 Et
2773 685 3039 728 reuersus

2390 780 2595 821 seruus
2664 764 2872 821 nuntia

2388 857 2474 914 uit
2500 855 2610 915 hec
2642 857 2761 915 dno
2791 873 2900 915 suo
2923 887 2939 903 ·

2390 949 2565 1009 Tunc
2595 951 2772 1009 iratus
2800 961 2966 1026 pater

2387 1042 2629 1102 familias
2653 1076 2667 1091 ·
2732 1043 2875 1102 dixit
2903 1061 2995 1102 ser

2386 1155 2465 1197 uo
2492 1156 2602 1198 suo
2622 1170 2636 1185 ·
2698 1138 2815 1196 Exi
2842 1138 2957 1197 cito

2387 1233 2448 1290 in
2475 1232 2677 1308 plateis
2706 1242 2763 1291 et
2790 1232 2938 1291 uicis

2385 1326 2633 1385 ciuitatis
2652 1356 2666 1371 ·
2729 1336 2786 1385 et
2814 1344 3007 1403 paupe

2386 1437 2477 1479 res
2507 1437 2575 1478 ac
2605 1419 2821 1478 debiles
2849 1432 2907 1478 et

2386 1531 2595 1572 caecos
2623 1523 2681 1572 et
2708 1513 2913 1572 clodos

2385 1607 2655 1666 introduc
2684 1607 2799 1665 huc
2822 1637 2838 1654 ·
2881 1605 2927 1641 ²²
2940 1606 3019 1665 Et

2385 1702 2463 1760 ait
2492 1719 2693 1759 seruus
2721 1701 2876 1760 factu

2383 1805 2470 1854 est
2497 1795 2611 1855 dfie
2640 1796 2787 1855 sicut
2818 1797 2976 1872 impe

2384 1889 2519 1948 rasti
2543 1921 2558 1936 ·
2620 1889 2699 1948 Et
2727 1889 2918 1949 adhuc

2376 1983 2541 2042 locus
2568 1994 2656 2043 est
2679 2014 2694 2029 ·
2719 2014 2734 2029 ·
2760 2015 2774 2030 ·
2797 1981 2841 2015 ¹⁸
2859 1994 2915 2042 et
2944 1984 3023 2043 ait

2374 2075 2486 2135 dfis
2515 2095 2686 2137 seruo
2710 2109 2725 2125 ·
2788 2080 2881 2139 exi
2908 2080 2968 2138 in

2374 2172 2531 2231 uiam
2561 2174 2716 2232 circa
2744 2191 2913 2250 sepes

2374 2275 2430 2323 et
2459 2266 2722 2343 conpelle
2749 2278 2813 2326 ut
2840 2268 2901 2326 in

2375 2407 2562 2456 trent·
2626 2408 2691 2457 ut
2720 2399 2913 2476 inplea

2375 2502 2465 2550 tur
2494 2492 2706 2552 domus
2735 2512 2869 2553 mea

2373 2587 2417 2621 ²⁴
2436 2586 2589 2646 Dico
2618 2598 2812 2647 autem
2840 2589 3012 2649 uobis

2374 2681 2535 2758 quod
2563 2700 2738 2741 nemo
2767 2684 2894 2741 uiro

2374 2793 2504 2833 rum
2532 2774 2759 2834 illorum
2787 2779 2888 2855 qui

2374 2870 2568 2928 uocati
2597 2881 2732 2928 sunt
2760 2882 2930 2947 gusta

2371 2963 2518 3021 bunt
2547 2981 2790 3022 caenam
2818 2983 2952 3024 mea

2367 3053 2412 3088 ²⁸
2431 3056 2603 3114 Ibant
2626 3054 2783 3116 155&
2805 3069 3001 3117 autem

2369 3168 2504 3209 cum
2533 3151 2631 3208 illo
2660 3152 2860 3210 turbae

2369 3244 2584 3303 multae
2604 3277 2618 3290 ·
2682 3245 2758 3302 Et
2788 3264 3011 3306 conuer

2370 3356 2468 3397 sus
2497 3339 2572 3397 ad
2602 3339 2729 3397 illos
2760 3340 2900 3398 dixit
2923 3371 2936 3386 ·

2368 3429 2409 3464 ²⁸
2430 3431 2489 3490 Si
2519 3433 2646 3511 quis
2668 3435 2827 3492 uenit
2850 3435 2925 3493 ad
2953 3453 3050 3495 me

2367 3535 2424 3584 et
2452 3545 2574 3585 non
2604 3528 2725 3586 odit
2753 3534 2918 3604 patre

2367 3639 2540 3680 suum
2566 3632 2625 3680 et
2653 3628 2835 3681 matre

2366 3725 2423 3774 et
2451 3734 2695 3774 uxorem
2720 3748 2734 3763 ·
2797 3728 2856 3777 et
2884 3718 3032 3778 filios

2367 3821 2422 3869 et
2450 3810 2652 3870 fratres
2674 3842 2688 3857 ·
2751 3822 2808 3871 et
2836 3830 2970 3872 soro

2365 3923 2456 3964 res
2480 3936 2494 3951 ·
2565 3907 2740 3965 etiam

2365 4010 2423 4058 et
2450 3999 2708 4058 animam
2738 4018 2808 4059 su

2366 4111 2461 4152 am
2481 4125 2496 4139 ·
2562 4113 2683 4153 non
2713 4106 2903 4173 potest

2365 4206 2532 4248 meus
2561 4189 2876 4267 discipulus
2903 4211 3032 4253 esse

3497 318 3663 383 [XIV.
3685 332 3853 387 7-33.

3144 476 3273 538 ”Et
3301 481 3401 557 qui
3430 499 3553 541 non
3580 482 3802 543 baiulat
3877 501 4003 552 rol.
4025 504 4136 552 180.

3146 592 3383 632 crucem
3412 593 3578 634 suam
3606 587 3666 636 et

3143 668 3303 726 uenit
3331 680 3468 745 post
3496 687 3592 728 me
3662 681 3780 730 n⁰n

3144 771 3339 838 potest
3367 781 3496 823 esse
3525 782 3694 825 meus

3146 855 3466 933 discipulus
3489 889 3503 904 ·
3526 890 3540 905 ·
3566 889 3582 905 ·

3143 946 3187 981 ¹⁸
3206 948 3357 1021 Quis
3386 970 3460 1010 ex
3488 953 3657 1013 uobis
3685 973 3765 1014 uo

3142 1042 3269 1103 lens
3299 1055 3513 1105 turrem
3536 1048 3664 1107 aedi

3143 1137 3313 1197 ficare
3344 1157 3468 1198 non
3495 1142 3655 1217 prius

3141 1231 3352 1291 sedens
3383 1246 3641 1311 conputa

3137 1325 3219 1383 uit
3246 1337 3470 1404 sumtus
3550 1330 3652 1408 qui
3708 1373 3715 1380 -

3137 1422 3443 1480 necessarii
3474 1435 3608 1481 sunt

3137 1512 3185 1569 si
3214 1512 3389 1573 habet
3416 1516 3491 1574 ad
3519 1524 3707 1577 consfi

3136 1607 3418 1666 mandum
3442 1640 3457 1655 ·
3520 1611 3565 1645 ²⁹
3583 1630 3694 1672 nec

3136 1710 3341 1775 postea
3368 1721 3547 1779 quam
3576 1724 3658 1783 po

3136 1794 3310 1852 suerit
3331 1795 3512 1857 funda

3134 1898 3426 1947 mentum·

3132 1980 3208 2038 Et
3231 1999 3353 2041 non
3381 2003 3462 2062 po

3129 2076 3297 2135 tuerit
3325 2096 3440 2138 con

3129 2185 3419 2231 summare
3502 2193 3605 2235 om

3129 2280 3234 2322 nes
3263 2267 3361 2341 qui
3389 2267 3672 2330 uidebunt

3126 2394 3172 2427 ⁸⁰
3192 2396 3387 2457 dicent
3468 2401 3605 2478 quia
3633 2401 3729 2463 hic

3126 2489 3308 2551 homo
3336 2495 3530 2570 coepit
3559 2497 3688 2555 aedi

3127 2585 3302 2644 ficare
3373 2597 3429 2646 et
3456 2607 3578 2647 non
3607 2602 3752 2667 potu

3127 2679 3170 2736 it
3198 2697 3609 2742 consummare
3628 2716 3713 2726 —

3126 2771 3168 2803 ³¹
3192 2774 3315 2833 Aut
3341 2777 3470 2852 quis
3499 2796 3598 2836 rex
3627 2780 3813 2840 iturus

3126 2869 3426 2929 comittere
3447 2871 3649 2930 bellu-
3671 2905 3686 2920 ·

3125 2960 3400 3022 aduersus
3428 2965 3603 3024 alium

3123 3073 3320 3132 regem
3341 3090 3355 3103 ·
3400 3076 3522 3117 non
3550 3061 3710 3135 prius

3122 3150 3337 3210 sedens
3364 3154 3645 3228 cogitabit
3667 3186 3682 3202 ·

3121 3245 3168 3302 si
3198 3248 3448 3321 potuerit
3475 3266 3612 3306 cum
3642 3249 3715 3309 de

3121 3358 3252 3397 cem
3280 3341 3510 3400 milibus
3539 3344 3619 3402 ob

3117 3434 3278 3493 uiare
3305 3437 3358 3494 ei
3386 3437 3486 3514 qui
3516 3455 3653 3496 cum

3118 3529 3339 3606 uiginte
3368 3532 3600 3591 milibus
3630 3551 3704 3591 ue

3117 3623 3200 3681 nit
3229 3623 3507 3684 aduersus
3537 3644 3599 3684 se
3619 3660 3686 3671 —

3116 3713 3161 3747 ⁸²
3184 3717 3462 3796 Alioquin
3494 3720 3687 3780 adhuc
3717 3721 3820 3783 illo

3116 3810 3294 3888 longe
3324 3824 3535 3890 agente
3558 3846 3572 3861 ·
3633 3814 3765 3892 lega

3116 3906 3337 3965 tionem
3368 3909 3535 3967 mittit
3563 3928 3630 3969 ro

3116 4019 3267 4077 gans
3296 4021 3504 4078 pacem
3523 4034 3537 4049 ·
3557 4036 3640 4045 —

3118 4095 3160 4127 ³⁸
3181 4095 3276 4154 Sic
3306 4115 3449 4173 ergo
3476 4115 3548 4156 ex
3579 4099 3751 4159 uobis

3118 4191 3218 4269 qui
3248 4208 3372 4250 non
3399 4193 3692 4252 renuntiat
