4414 4917
491 481 616 532 1⁸01.
638 482 732 532 88.

773 322 859 389 30

775 476 937 555 genti
967 476 1200 538 facienti

773 571 1023 631 fructum
1050 573 1174 631 eius
1194 602 1208 618 ·

771 665 817 698 ⁴⁴
836 665 957 739 Qui
983 665 1252 725 ceciderit
1280 682 1348 724 su

769 779 874 837 per
903 759 1157 836 lapidem
1185 760 1341 818 hunc

688 844 697 859 ⁸
769 853 1167 931 confringetur
1190 885 1203 900 ·

770 946 958 1024 Super
986 966 1163 1024 quem
1193 952 1327 1007 aute

767 1040 1038 1100 ceciderit
1106 1060 1244 1100 com

766 1135 986 1194 minuet
1012 1153 1148 1193 eum
1172 1166 1187 1182 ·

766 1227 813 1262 ⁴⁸
831 1227 907 1286 Et
936 1247 1072 1288 cum
1100 1227 1367 1287 audisent

766 1322 1059 1399 principes
1088 1340 1252 1381 sacer

768 1415 975 1475 dotum
1013 1427 1070 1475 et
1100 1415 1287 1475 farisei

765 1510 1073 1586 parabolas
1104 1511 1227 1569 eius
1250 1542 1265 1557 ·

766 1615 1174 1681 cognouerunt
1202 1604 1358 1681 qu⁰d

765 1698 840 1757 de
868 1698 1008 1775 ipsis
1037 1698 1175 1757 dicit
1198 1730 1213 1744 ·
1249 1699 1293 1732 ⁴⁶
1311 1698 1389 1756 Et

762 1802 1070 1867 querentes
1097 1810 1232 1852 eum
1261 1802 1316 1852 te

763 1904 901 1945 nere
925 1916 939 1932 ·
991 1886 1303 1946 timuerunt

763 1980 962 2038 turbas
991 1987 1135 2056 qum
1164 1981 1212 2039 si

762 2084 863 2133 cut
891 2074 1176 2150 profetam
1203 2081 1277 2134 eu

762 2166 1058 2226 habebant
1080 2199 1095 2214 ·
1176 2175 1276 2227 22.
1310 2166 1466 2228 ¹Res

763 2260 1035 2337 pondens
1063 2260 1152 2319 ihs
1179 2262 1323 2321 iterii

764 2397 908 2457 dixit
935 2396 1042 2456 illis
1071 2398 1132 2456 in
1162 2417 1304 2476 para

763 2492 912 2552 bolis
942 2493 1143 2551 dicens
1163 2524 1176 2539 ·
1198 2523 1214 2539 ·

762 2587 786 2621 ²
804 2586 1001 2646 Simile
1028 2599 1116 2646 est
1142 2607 1389 2665 regnum

762 2681 1055 2741 caelorum
1083 2682 1247 2742 homi

761 2775 822 2832 ni
849 2775 971 2851 regi
998 2776 1098 2851 qui
1128 2774 1263 2834 fecit

759 2868 995 2946 nuptias
1023 2869 1139 2928 filio
1169 2888 1275 2930 suo
1294 2901 1308 2917 ·

758 2961 781 2994 ³
798 2961 875 3020 Et
902 2963 1055 3021 misit
1083 2981 1285 3022 seruos
1314 2981 1383 3023 su

759 3073 828 3116 os
910 3074 1126 3116 uocare
1155 3057 1338 3116 inuita

757 3157 852 3208 tos
881 3149 957 3208 ad
985 3151 1216 3225 nuptias
1240 3181 1256 3197 ·

758 3254 818 3302 et
845 3243 1155 3303 noluerunt
1183 3264 1257 3304 ue

758 3338 881 3397 nire
904 3369 917 3384 ·
955 3339 977 3370 ⁴
994 3337 1210 3397 Iterum
1241 3338 1322 3398 mi

758 3433 831 3491 sit
858 3433 1005 3492 alios
1034 3451 1235 3494 seruos
1263 3434 1323 3492 di
1358 3438 1371 3444 ‘

756 3544 930 3585 cens·
975 3527 1147 3586 dicite
1175 3528 1295 3587 inui

754 3629 907 3681 tatos
928 3653 944 3668 ·
990 3622 1152 3681 Ecce
1174 3641 1329 3702 pran

756 3715 918 3774 dium
948 3733 1146 3773 meum
1174 3734 1318 3793 para

754 3808 851 3868 ui·
894 3810 1040 3867 tauri
1069 3811 1182 3869 mei
1211 3821 1271 3868 et

756 3903 1021 3979 saginata
1049 3921 1180 3961 mea
1213 3922 1284 3962 oc

756 3997 909 4056 cissa
937 4007 997 4056 et
1022 3996 1221 4055 omnia
1247 4016 1326 4074 pa

755 4100 881 4149 rata
956 4090 1152 4149 uenite
1182 4090 1258 4149 ad

756 4183 988 4260 nuptias
1007 4214 1021 4230 ·
1065 4183 1087 4216 ⁶
1104 4183 1194 4242 Illi
1224 4189 1358 4244 aute

2019 298 2494 372 SECUNDIJ·

1529 476 1908 553 neglexerunt
1927 510 1941 525 ·

1528 580 1587 629 et
1614 572 1878 632 abierunt
1909 606 1921 619 ·
1966 574 2117 634 alius

1525 665 1585 723 in
1614 665 1809 725 uillam
1840 685 2006 727 suam
2026 699 2040 714 ·

1525 759 1693 818 Alius
1719 778 1862 819 uero
1890 762 1950 819 in
1980 780 2136 839 nego

1523 854 1823 913 tiationem
1852 873 2019 914 suam
2043 888 2059 902 ·

1521 947 1542 979 ⁶
1561 946 1790 1025 Reliqui
1816 968 1957 1008 uero
1986 960 2123 1010 tenu

1521 1052 1690 1099 erunt
1719 1060 1919 1102 seruos
1948 1044 2070 1102 eius
2094 1075 2110 1090 ·

1520 1143 1579 1193 et
1607 1138 1957 1196 contumelia
1985 1137 2049 1196 af

1521 1227 1704 1288 sectos
1733 1231 2074 1291 occiderunt
2098 1262 2113 1278 ·

1519 1322 1542 1355 ⁷
1559 1322 1634 1381 Et
1663 1324 1902 1383 audiens
1930 1345 2029 1384 rex
2060 1326 2153 1385 ille

1518 1417 1695 1476 iratus
1722 1428 1811 1476 est
1834 1448 1848 1463 ·
1892 1429 1949 1478 et
1976 1420 2058 1478 mi

1519 1510 1591 1568 sit
1619 1512 1967 1570 exsercitum

1518 1621 1690 1662 suum
1719 1615 1776 1663 et
1803 1606 1968 1682 perdi

1517 1697 1599 1756 dit
1628 1698 1951 1759 homicidas
1980 1701 2019 1759 il

1516 1791 1607 1851 los
1636 1802 1693 1850 et
1721 1791 2011 1853 ciuitatem

1515 1904 1720 1945 eorum
1748 1889 2077 1948 succendit·

1514 1979 1537 2012 ⁸
1555 1979 1730 2041 Tunc
1759 1982 1836 2040 ait
1859 1983 2041 2042 seruis
2064 1983 2181 2042 suis
2199 2015 2214 2030 ·

1515 2076 1748 2150 nuptiae
1777 2077 2013 2153 quidem

1515 2179 1749 2246 paratae
1778 2180 1911 2230 sunt
1932 2203 1946 2217 ·
1992 2172 2054 2231 in

1515 2262 1677 2321 uitati
1707 2272 1899 2323 autem
1928 2283 2051 2325 uon

1516 2393 1744 2455 fuerunt
1771 2395 1931 2474 digni
1954 2429 1968 2444 ·

1515 2490 1537 2523 ⁹
1554 2489 1639 2550 Ite
1669 2507 1812 2567 ergo
1840 2491 1915 2550 ad
1949 2494 2134 2552 exitus

1519 2585 1741 2643 uiarum
1769 2596 1827 2646 et
1856 2604 2005 2663 quos

1514 2697 1768 2756 cumque
1796 2681 2053 2740 inueneri

1514 2774 1587 2831 tis
1616 2785 1824 2833 uocate
1852 2775 1927 2834 ad
1956 2794 2078 2852 nup

1513 2868 1620 2925 tias
1638 2899 1652 2913 ·
1695 2867 1742 2900 ¹⁰
1756 2877 1813 2927 et
1840 2870 2054 2945 egressi
2083 2888 2176 2928 ser

1512 2962 1572 3019 ui
1600 2962 1723 3021 eius
1750 2963 1810 3019 in
1837 2963 1962 3021 uias
2031 2983 2147 3023 con

1514 3066 1903 3131 gregauerunt
1930 3076 2032 3116 om

1514 3167 1619 3207 nes
1648 3149 1969 3226 quodquod
2000 3152 2061 3211 in

1510 3253 1794 3301 uenerunt
1822 3244 2009 3304 malos

1512 3346 1571 3396 et
1599 3338 1789 3396 bonos
1809 3369 1823 3383 ·
1867 3349 1924 3396 et
1954 3338 2111 3415 inple

1511 3441 1569 3489 te
1599 3440 1732 3488 sunt
1760 3432 1993 3508 nuptiae

1511 3524 2007 3586 discumbentibus
2031 3559 2047 3574 ·

1510 3617 1553 3651 11
1571 3618 1817 3678 Intrauit
1846 3633 2041 3680 autem
2075 3640 2177 3681 rex

1508 3723 1573 3771 ut
1599 3713 1820 3772 uideret
1849 3714 2072 3773 discum

1507 3809 1711 3866 bentes
1735 3840 1749 3856 ·
1800 3808 1877 3866 Et
1904 3809 2048 3868 uidit

1507 3903 1585 3961 ibi
1613 3902 1910 3962 hominem
1937 3923 2060 3963 non

1507 3997 1778 4056 uestitum
1804 4009 1964 4057 ueste

1506 4092 1763 4167 nuptiale
1806 4090 1850 4124 ¹²
1864 4091 1941 4150 Et
1963 4094 2038 4151 ait
2061 4093 2139 4152 illi
2158 4126 2173 4141 ·

1508 4186 1729 4245 amicae
1762 4188 2064 4264 quomodo

2332 481 2625 559 ingressus
2654 500 2717 542 es
2747 482 2841 544 hic
2866 514 2880 528 ·

2330 594 2454 634 non
2482 575 2706 636 habens
2734 578 2882 636 uesti

2330 681 2596 728 mentum
2624 672 2827 748 nuptia

2327 763 2380 822 le
2401 794 2415 810 ·
2460 764 2539 824 At
2568 765 2658 824 ille
2687 768 2869 825 obmu

2328 857 2467 915 tuit·
2531 857 2574 890 ¹³
2597 858 2772 920 Tunc
2802 859 2945 919 dixit

2327 970 2429 1010 rex
2460 952 2734 1012 ministn‘s
2752 984 2767 999 ·

2327 1044 2504 1104 tollite
2532 1045 2688 1104 illum
2718 1046 2853 1123 pedi

2327 1139 2438 1197 bus
2465 1149 2523 1198 et
2551 1140 2822 1199 manibus
2841 1172 2855 1186 ·

2326 1231 2402 1291 Et
2431 1234 2635 1293 mittite
2664 1253 2799 1293 eum
2829 1235 2890 1294 in
2912 1244 2969 1295 te

2326 1328 2536 1385 nebras
2564 1329 2782 1389 exterio

2324 1438 2416 1479 res
2436 1453 2450 1467 ·
2494 1421 2572 1479 ibi
2600 1424 2705 1482 erit
2733 1422 2807 1482 fle

2324 1524 2416 1573 tus
2444 1526 2502 1572 et
2529 1516 2736 1576 stridor
2764 1517 2874 1576 den

2322 1608 2466 1666 tium
2487 1640 2505 1655 ·
2549 1608 2592 1641 ¹⁴
2610 1610 2771 1669 multi
2799 1611 2944 1669 eni-

2323 1712 2457 1761 sunt
2485 1704 2678 1763 uocati
2697 1735 2711 1750 ·
2755 1706 2928 1782 pauci

2319 1806 2514 1855 autem
2543 1798 2711 1857 electi
2734 1829 2748 1844 ·
2778 1824 2859 1851 -t-

2401 1915 2485 1943 κ’,
2565 1917 2648 1945 Φ
2730 1918 2812 1948 Q*

2272 1979 2301 2012 *
2322 1980 2366 2014 ¹¹⁵
2385 1983 2561 2043 Tunc
2590 1986 2853 2045 abierunt

2271 2073 2300 2106 *
2322 2076 2539 2136 farisei·
2579 2088 2636 2138 et
2664 2098 2779 2141 con

2272 2169 2301 2201 ²⁸
2323 2171 2509 2229 silium
2539 2176 2874 2249 acciperunt

2274 2263 2376 2323 *ut
2409 2278 2687 2343 caperent
2716 2286 2852 2339 eum

2271 2396 2383 2456 *in
2412 2417 2682 2460 sermone
2702 2431 2715 2445 ·
2780 2398 2824 2432 ²⁶
2842 2409 2900 2460 et

2271 2491 2300 2524 *
2323 2494 2556 2553 mittunt
2584 2494 2810 2572 discipu

2270 2584 2408 2646 *los
2436 2605 2575 2647 suos
2604 2607 2740 2647 cum
2768 2589 2844 2647 he

2318 2681 2574 2741 rodianis
2603 2682 2862 2741 dicentes
2880 2714 2896 2729 ·

2319 2773 2603 2852 Magister
2632 2777 2848 2836 scimus

2317 2870 2455 2945 quia
2482 2888 2660 2928 uerax
2690 2889 2754 2930 es
2775 2901 2789 2916 ·
2832 2881 2889 2930 et

2317 2963 2475 3021 uiam
2504 2964 2564 3022 di
2593 2964 2770 3024 doces
2799 2966 2861 3024 in

2316 3058 2553 3117 ueritate
2573 3090 2586 3104 ·
2629 3070 2688 3117 et
2716 3077 2838 3118 non

2318 3161 2406 3211 est
2436 3153 2540 3211 tibi
2569 3171 2708 3211 cura
2737 3152 2812 3212 de
2841 3153 2914 3213 ali

2316 3264 2435 3323 quo
2459 3277 2473 3292 ·
2517 3265 2639 3305 non
2667 3249 2825 3306 enim

2314 3340 2566 3416 respices
2587 3359 2870 3416 personas

2316 3433 2621 3494 hominum
2641 3467 2655 3482 ·
2700 3435 2744 3468 ¹⁷
2759 3437 2900 3514 quid

2316 3529 2417 3588 tibi
2445 3530 2672 3589 uidetur
2753 3530 2885 3590 licet

2315 3642 2558 3682 censum
2587 3624 2709 3683 dari
2739 3644 2909 3685 caesa

2314 3718 2400 3776 ri·
2450 3729 2549 3777 aut
2579 3738 2772 3778 non··
2818 3719 2860 3752 ¹⁸
2883 3719 3015 3798 Cog

2313 3813 2433 3872 nita
2461 3824 2654 3872 autem
2683 3814 2773 3874 ihs
2800 3832 2876 3873 ne

2314 3907 2493 3983 quitia
2519 3926 2721 3967 eorum
2745 3939 2760 3955 ·
2806 3908 2884 3967 ait
2907 3939 2922 3955 ·

2314 4000 2478 4074 Quid
2506 4021 2602 4060 me
2629 4003 2882 4062 temtatis

2311 4095 2646 4173 hypocritae
2669 4128 2685 4143 ·
2748 4096 2791 4130 ¹⁹
2814 4115 2883 4156 os

2310 4190 2641 4251 tendendite
2670 4189 2811 4250 mihi
2831 4224 2844 4238 ·

3220 323 3385 388 [XXI.
3410 328 3686 391 43—XX11.
3709 342 3790 393 27.

3085 485 3377 544 nomisma
3401 516 3415 531 ·
3460 505 3674 547 census
3695 511 3711 528 ·

3085 576 3166 635 At
3194 578 3273 637 illi
3301 580 3634 656 optulerunt

3086 671 3140 730 ei
3169 672 3470 732 denarium
3490 704 3504 720 ·
3568 674 3707 735 ²⁰Et

3086 765 3167 824 ait
3193 766 3298 825 illis
3326 768 3415 826 ihs
3439 798 3452 813 ·
3497 770 3663 831 cuius

3085 869 3174 917 est
3201 860 3398 937 imago
3427 862 3572 923 haec
3603 895 3617 910 ·
3662 875 3722 924 et

3084 956 3494 1032 superscriptio
3517 987 3532 1002 ·

3083 1043 3124 1077 ²¹
3143 1046 3344 1107 dicunt
3372 1050 3423 1106 ei
3453 1053 3667 1110 cesaris
3685 1083 3702 1099 ·

3082 1138 3257 1200 Tunc
3286 1142 3363 1200 ait
3390 1143 3496 1202 illis
3519 1175 3534 1190 ·
3578 1145 3682 1203 red

3081 1232 3196 1292 dite
3225 1253 3366 1312 ergo
3395 1255 3510 1313 que
3538 1248 3675 1298 sunt

3080 1329 3290 1387 cesaris
3313 1332 3497 1390 cesari
3521 1361 3536 1376 ·

3077 1431 3135 1479 et
3163 1439 3313 1497 quae
3343 1435 3478 1483 sunt
3506 1425 3565 1483 di
3592 1425 3670 1484 do
3693 1457 3712 1472 ·

3078 1511 3123 1544 ²²
3139 1524 3197 1573 et
3224 1516 3524 1576 audientes
3553 1519 3698 1579 mira

3077 1609 3119 1667 ti
3148 1620 3280 1668 sunt
3302 1640 3317 1656 ·
3360 1621 3417 1669 et
3443 1613 3644 1673 relicto

3075 1719 3149 1762 eo
3178 1703 3439 1764 abierunt
3461 1736 3475 1752 ·

3076 1794 3119 1828 ²⁸
3142 1795 3214 1854 In
3242 1797 3336 1856 illa
3363 1797 3456 1858 die
3485 1818 3692 1860 accese

3076 1901 3208 1949 runt
3235 1892 3312 1951 ad
3338 1911 3473 1951 eum
3502 1895 3609 1954 sad

3077 1984 3247 2043 ducei
3270 2016 3284 2031 ·
3327 1987 3428 2062 qui
3457 1987 3658 2048 dicunt

3074 2097 3197 2138 non
3225 2097 3352 2139 esse
3380 2099 3543 2140 resur

3070 2174 3390 2233 rectionem
3413 2206 3427 2222 ·
3471 2175 3549 2235 Et

3072 2266 3573 2345 interrogauerunt

3072 2417 3209 2457 eum
3236 2396 3280 2433 ²⁴
3298 2402 3556 2463 dicentes
3575 2435 3589 2448 ·
3648 2422 3748 2464 ma

3072 2495 3249 2571 gister
3335 2515 3573 2573 moyses

3072 2588 3217 2648 dixit
3241 2621 3255 2635 ·
3299 2590 3348 2649 si
3378 2591 3506 2668 quis
3532 2609 3665 2652 mor

3070 2692 3202 2741 tuus
3231 2683 3399 2743 fuerit
3467 2703 3589 2744 non

3070 2775 3293 2836 habens
3321 2778 3500 2836 filium
3520 2810 3534 2824 ·

3069 2881 3132 2930 ut
3160 2872 3336 2932 ducat
3363 2872 3535 2931 frater
3561 2875 3684 2934 eius

3067 2983 3313 3025 uxorem
3341 2967 3486 3026 illius
3506 2998 3521 3013 ·
3564 2979 3622 3028 et

3068 3061 3299 3120 suscitet
3327 3078 3526 3120 semen

3066 3152 3255 3212 fratris
3285 3155 3372 3213 sui
3396 3186 3411 3201 ·
3473 3155 3720 3217 ”Erant

3066 3246 3222 3323 apud
3250 3265 3360 3306 nos
3389 3258 3614 3326 septem

3068 3340 3269 3399 fratres
3293 3372 3307 3386 ·
3351 3353 3409 3400 et
3436 3343 3527 3419 pri

3067 3452 3200 3493 mus
3227 3453 3408 3495 uxore
3437 3437 3612 3496 ducta
3635 3469 3649 3484 ·

3067 3528 3377 3589 defunctus
3403 3539 3526 3588 est·
3569 3541 3629 3591 et

3064 3641 3186 3682 non
3215 3622 3438 3681 habens
3467 3642 3668 3685 semen
3689 3657 3702 3671 ·

3064 3717 3289 3793 reliquit
3316 3735 3562 3778 uxorem

3064 3828 3230 3870 suam
3259 3811 3414 3870 fratri
3444 3830 3551 3873 suo
3570 3843 3586 3860 ·

3062 3907 3106 3941 ²⁶
3125 3907 3391 3966 Similiter
3418 3918 3476 3967 et
3504 3926 3685 3969 secun

3063 4001 3172 4060 dus
3199 4003 3467 4061 etertius·
3512 4022 3582 4062 us

3063 4115 3175 4174 que
3204 4097 3280 4156 ad
3310 4098 3620 4174 septimum
3645 4130 3659 4146 ·

3061 4193 3106 4228 ²⁷
3125 4191 3458 4253 Nouissime
3486 4203 3682 4253 autem

3816 489 3940 539 1³01.
3954 492 4050 539 89.
