4414 4917
796 338 833 382 2

547 546 748 605 rous.
792 548 930 590 men
956 530 1081 589 eius
1106 547 1204 589 em

793 624 1029 684 manuel
1055 661 1068 674 ·
1127 622 1286 702 quod

791 729 881 780 est
909 720 1157 796 interpre

791 824 977 873 tatum
1006 814 1179 872 nobis

794 926 931 967 cum
960 906 1029 966 ds
1053 934 1065 947 ·
1084 905 1301 964 ²⁴Exur

792 1020 939 1080 gens
967 1012 1161 1060 autem
1188 1000 1248 1058 io

790 1096 937 1174 seph
967 1113 1002 1154 a
1029 1113 1241 1155 somno
1265 1120 1278 1133 ·

789 1190 928 1249 fecit
954 1190 1037 1247 sic
1066 1198 1130 1247 ut
1159 1205 1260 1264 pre

790 1284 946 1360 cepit
975 1284 1029 1342 ei
1057 1281 1303 1359 angelus

791 1378 892 1436 dni
916 1402 930 1416 ·
989 1385 1047 1436 et
1075 1394 1214 1435 acce

788 1471 873 1548 pit
902 1470 1211 1546 coniugem

790 1583 959 1626 suam
984 1591 997 1604 ·
1058 1562 1168 1623 ²⁶et
1197 1581 1321 1622 non

791 1659 1072 1735 cognouit
1101 1675 1235 1716 eam
1259 1684 1271 1696 ·

791 1751 1005 1812 Donec
1035 1752 1259 1830 peperit

792 1847 973 1905 filium
1002 1847 1193 1923 primo

796 1940 1063 2018 genitum
1089 1967 1101 1980 ·
1172 1939 1250 1998 Et

793 2034 1023 2094 uocauit
1066 2052 1285 2093 nomen

794 2128 918 2187 eius
946 2127 1066 2184 ihm
1088 2156 1100 2167 ·
1143 2153 1225 2185 ω

793 2235 880 2263 Ψ
964 2236 1047 2264 xl*
1131 2235 1213 2262 Ψ

864 2302 916 2350 in
933 2302 1015 2351 die
1038 2305 1121 2351 εόο
1138 2301 1366 2366 epesanie

797 2368 950 2418 lectio
972 2368 1132 2432 prima

745 2450 774 2484 *
803 2454 864 2508 2.
907 2446 1094 2507 ¹Cum
1121 2465 1237 2523 ego
1266 2455 1438 2506 natus

748 2546 777 2579 *
806 2551 959 2600 esset
986 2541 1076 2600 ihs
1103 2541 1164 2598 in
1193 2540 1329 2599 beth

746 2641 775 2674 *
804 2634 962 2694 lehm
985 2662 998 2675 ·
1059 2636 1350 2695 ciuitatem

745 2734 774 2768 *
802 2729 1009 2790 iudeae
1033 2757 1046 2770 ·
1106 2731 1168 2788 in
1190 2731 1283 2790 die

743 2827 772 2860 *
803 2825 914 2883 bus
942 2824 1175 2884 herodis
1202 2825 1352 2901 regis
1391 2866 1444 2882 ..,

794 2916 956 2978 Ecce
985 2920 1145 2994 magi
1172 2920 1247 2977 ab
1273 2919 1362 2977 ori

793 3022 930 3071 ente
968 3023 1253 3072 uenerunt

794 3106 856 3164 in
887 3104 1278 3184 hierosolyma

798 3201 1056 3260 dicentes
1081 3227 1093 3241 ·
1155 3202 1284 3260 ”ubi

794 3304 883 3353 est
911 3295 1043 3371 quis
1071 3305 1242 3354 natus
1270 3306 1391 3355 est·

792 3407 895 3447 rex
919 3387 1262 3447 iudaeorum
1281 3415 1294 3428 ·

792 3480 1067 3541 Uidimus
1097 3483 1256 3541 enim

790 3576 1016 3635 stellam
1045 3577 1169 3636 eius
1197 3579 1258 3635 in

791 3671 1013 3729 oriente
1038 3698 1051 3711 ·
1116 3682 1269 3731 etue

790 3766 987 3824 nimus
1014 3765 1255 3825 adorare

791 3876 928 3917 eum
953 3885 966 3899 ·
1031 3858 1327 3919 ⁸Audiens

789 3962 983 4011 autem
1012 3953 1262 4014 herodes

787 4064 890 4105 rex
918 4049 1180 4107 turbatus

785 4151 873 4198 est
940 4151 997 4199 et
1027 4141 1220 4200 omnis

787 4232 1108 4311 hierolyma
1133 4253 1267 4294 cum
1298 4236 1395 4295 illo

2110 316 2453 380 SECND·
2546 394 2550 402 ¹

1542 527 1654 588 ⁴Et
1682 527 1987 605 congrauit
2015 546 2118 587 om

1542 641 1649 681 nes
1674 624 1972 699 principes

1543 717 1917 776 sacerdotum
1940 743 1953 756 ·

1543 820 1602 870 et
1630 811 1849 870 scribas
1877 828 2041 887 popu

1543 905 1582 963 li
1606 933 1618 946 ·
1686 915 1743 964 et
1772 906 1988 964 interro

1543 999 1703 1076 gauit
1730 1001 1806 1057 ab
1834 1000 1917 1058 eis
1941 1032 1954 1045 ·

1543 1095 1643 1152 ubi
1670 1098 1782 1168 xps
1810 1094 2069 1152 nascitur
2092 1121 2104 1134 ·

1545 1188 1655 1246 ‘At
1683 1188 1739 1245 ili
1768 1187 2072 1246 dixerunt·

1542 1284 1602 1341 in
1631 1280 1961 1340 bethlehem

1543 1374 1749 1433 iudeae
1774 1400 1785 1413 ·
1847 1376 1928 1434 sic
1959 1382 2057 1433 eni

1547 1470 1764 1529 dictum
1798 1478 1885 1527 est
1914 1487 2019 1545 per

1545 1563 1837 1641 profetam
1861 1586 1877 1602 ·

1545 1657 1652 1717 ‘Et
1679 1667 1740 1716 tu
1769 1657 2062 1717 bethleem
2090 1657 2147 1714 iu

1547 1752 1691 1811 deae
1761 1771 1882 1811 non
1911 1770 1974 1811 es
2002 1753 2085 1810 mi

1547 1846 1707 1905 nima
1775 1845 1922 1904 inter

1546 1941 1835 2016 principes
1864 1939 2000 1998 iuda
2025 1964 2037 1978 ·

1546 2035 1640 2093 Ex
1669 2044 1725 2093 te
1755 2034 1912 2092 enim
1941 2034 2094 2092 exiet

1548 2130 1822 2205 princeps
1847 2154 1859 2166 ·
1919 2129 2018 2205 qui

1546 2234 1708 2299 regat
1735 2222 2004 2300 populu*

1548 2335 1749 2376 meum
1775 2317 1843 2375 isl
1867 2344 1879 2357 ·

1550 2447 1757 2508 ⁷Tunc
1786 2447 2034 2509 herodes

1553 2544 1780 2604 occulte
1807 2563 1959 2603 uoca

1550 2639 1634 2697 uit
1662 2657 1903 2716 magos·
1966 2638 2044 2696 Et

1549 2732 1850 2809 diligenter
1878 2752 1951 2792 ex

1549 2826 1779 2903 quisiuit
1807 2829 1882 2886 ab
1908 2828 1990 2886 eis

1548 2931 1777 2997 tempus
1802 2948 1813 2960 ·
1879 2921 2118 2998 quando

1547 3016 1813 3092 apparuit
1839 3016 1922 3073 eis

1548 3109 1744 3168 stella·
1810 3108 1916 3168 ‘Et
1945 3109 2099 3169 misit

1545 3222 1650 3262 eos
1677 3204 1737 3261 in
1766 3204 2055 3263 bethleem

1547 3297 1745 3357 dicens
1766 3326 1781 3338 ·
1841 3299 1917 3356 ite
1946 3298 2004 3356 di

1544 3391 1786 3467 ligenter
1806 3393 1954 3450 inter

1545 3497 1747 3563 rogate
1779 3487 1849 3545 de
1878 3504 1995 3562 pue

1544 3599 1611 3639 ro
1632 3607 1644 3619 ·
1705 3579 1781 3638 Et
1815 3598 1950 3640 cum
1980 3581 2040 3638 in

1543 3675 1813 3733 ueneritis
1843 3694 1901 3732 re

1543 3769 1800 3828 nuntiate
1829 3768 1969 3826 mihi
1994 3795 2007 3808 ·

1539 3870 1603 3920 ut
1631 3881 1744 3939 ego
1766 3864 1996 3921 ueniam

1540 3966 1598 4015 et
1627 3957 1865 4018 adorem
1894 3975 2029 4016 eum
2054 3984 2065 3997 ·

1539 4050 1692 4124 ”Qui
1721 4071 1856 4111 cum
1885 4051 2050 4110 audis

1539 4156 1666 4203 sent
1695 4163 1892 4223 regem
1922 4146 1998 4203 ab

1535 4239 1755 4298 ierunt·
1821 4240 1898 4299 Et
1924 4258 2061 4300 ecce

2348 527 2568 586 stellam
2599 545 2775 605 quam

2346 622 2611 681 uiderant
2638 623 2699 680 in

2348 717 2569 775 oriente
2589 742 2602 755 ·
2663 724 2797 775 ante

2347 811 2596 870 cedebat
2622 829 2725 869 eos
2748 842 2760 855 ·

2348 923 2532 983 usque
2561 905 2702 963 dum
2730 923 2804 964 ue

2349 1001 2432 1058 nit
2460 1009 2517 1059 et
2545 1000 2674 1059 setit
2704 1018 2773 1059 su

2348 1113 2454 1172 per
2479 1112 2721 1171 puerum
2740 1120 2752 1134 ·

2349 1189 2686 1248 ¹⁰Uidentes
2715 1192 2845 1246 aute

2348 1283 2573 1342 stellam
2602 1282 2738 1359 gaui

2349 1378 2396 1435 si
2424 1387 2560 1438 sunt
2586 1376 2764 1453 gaudi

2349 1491 2387 1531 o
2416 1488 2636 1546 magno
2665 1469 2759 1529 ual

2350 1566 2424 1625 de
2447 1593 2459 1606 ·
2526 1565 2653 1623 11Εἰ
2680 1566 2866 1622 intrssn

2351 1670 2438 1719 tes
2467 1660 2527 1718 in
2556 1660 2802 1718 domum

2352 1754 2620 1812 uiderunt
2649 1772 2730 1830 pu

2352 1865 2516 1907 erum
2590 1865 2724 1906 cum

2353 1943 2535 2000 maria
2563 1952 2746 2000 matre

2352 2038 2475 2095 eius
2496 2062 2509 2075 ·
2571 2047 2628 2094 et
2655 2054 2765 2112 pro

2353 2132 2612 2191 cidentes
2641 2131 2755 2189 ado

2353 2234 2624 2283 rauerunt
2651 2238 2787 2283 eum
2813 2251 2824 2264 ·

2353 2318 2431 2378 Et
2459 2319 2671 2396 apertis
2699 2317 2869 2376 thens

2355 2451 2507 2511 auris
2536 2451 2654 2510 suis
2683 2468 2763 2527 op

2354 2545 2607 2605 tulerunt
2633 2545 2686 2602 ei
2714 2562 2817 2601 mu

2355 2660 2521 2699 nera·
2570 2657 2775 2698 aurum
2795 2669 2808 2682 ·

2356 2745 2414 2795 et
2440 2746 2531 2794 tus
2550 2760 2563 2773 ·
2628 2743 2687 2793 et
2713 2744 2964 2791 murra--

2355 2828 2482 2889 12Εἴ
2512 2827 2795 2888 admoniti
2823 2827 2883 2883 in

2355 2924 2610 2983 somnis·
2677 2939 2752 2979 ne
2781 2939 2843 2979 re

2355 3019 2543 3077 dirent
2570 3016 2789 3075 adhero

2353 3112 2521 3170 dem·
2569 3129 2671 3188 per
2700 3110 2852 3169 alia-

2351 3206 2506 3264 uiam
2537 3205 2755 3264 reuersi

2353 3311 2487 3359 sunt
2515 3301 2571 3358 in
2602 3299 2762 3375 regio

2353 3413 2490 3453 nem
2519 3411 2685 3452 suam
2706 3419 2718 3431 ·
2781 3392 2933 3469 ¹⁸qui

2351 3506 2488 3547 cum
2518 3487 2892 3546 recesissent·

2349 3585 2385 3645 †
2404 3581 2562 3640 Ecce
2594 3579 2837 3656 angelus
2867 3579 2967 3638 dfii

2350 3676 2616 3752 apparuit
2643 3675 2703 3732 in
2735 3685 2847 3734 so‘·

2351 3771 2439 3829 nis
2469 3770 2672 3845 ioseph
2702 3769 2761 3828 di

2350 3883 2489 3924 cens
2513 3891 2525 3904 ·
2593 3864 2778 3939 Surge

2349 3969 2406 4016 et
2435 3959 2632 4034 accipe
2663 3963 2844 4033 pueri]
2869 3989 2881 4001 ·

2349 4062 2406 4111 et
2435 4063 2677 4111 matrem
2705 4052 2828 4112 eius
2854 4080 2866 4092 ·

2347 4157 2404 4204 et
2431 4146 2566 4222 fuge
2596 4146 2655 4203 in
2685 4157 2944 4226 egyptu·’¹

2346 4251 2402 4298 et
2432 4249 2559 4299 esto
2588 4240 2665 4298 ibi
2689 4267 2702 4281 ·

3413 323 3484 387 [Ι.
3511 327 3692 387 23—11.
3723 334 3804 389 17.

3222 425 3439 476 seconde
3462 424 3600 475 natal
3622 440 3675 474 sc

3103 525 3307 604 Usque
3336 545 3456 603 quo
3490 526 3669 585 dica·

3101 622 3203 680 tibi
3223 648 3235 661 ·
3301 621 3554 678 futurum

3101 725 3188 774 est
3217 715 3374 773 enim
3404 724 3465 771 ut
3493 713 3569 773 he

3100 809 3272 868 rodes
3301 819 3505 886 querat

3101 920 3347 979 puerum
3373 902 3553 977 perde

3101 1016 3164 1055 re
3192 1015 3329 1056 eum
3354 1026 3366 1040 ·
3401 1026 3416 1053 ι
3461 996 3505 1030 ¹⁴
3519 995 3628 1055 Sur

3101 1110 3250 1168 gens
3279 1102 3474 1149 autem
3501 1091 3560 1150 io

3102 1185 3249 1261 seph
3278 1185 3507 1261 accepit

3101 1297 3346 1355 puerum
3376 1290 3433 1337 et
3460 1297 3559 1336 ma

3101 1384 3250 1431 trem
3277 1373 3399 1431 eius
3427 1390 3542 1431 noc

3102 1478 3159 1525 te
3217 1477 3274 1526 et
3302 1467 3441 1524 abiit
3469 1466 3530 1524 in

3103 1572 3420 1638 aegyptum
3441 1592 3454 1605 ·

3103 1655 3232 1713 1‘’Et
3260 1666 3380 1714 erat
3407 1655 3485 1714 ibi
3513 1674 3699 1732 usque

3103 1752 3179 1811 ad
3208 1770 3554 1812 consumma

3103 1847 3322 1906 tionem
3350 1846 3491 1906 hero

3104 1940 3194 1998 dis
3218 1965 3232 1979 ·
3292 1939 3372 1998 Ut
3401 1939 3562 1998 adim

3105 2033 3356 2111 pleretur
3383 2033 3535 2108 quod

3104 2128 3323 2186 dictum
3352 2138 3439 2186 est
3468 2146 3504 2185 a

3104 2221 3224 2281 dfio
3248 2248 3260 2261 ·
3325 2239 3430 2298 per
3457 2240 3566 2297 pro

3104 2315 3283 2375 fetam
3310 2316 3582 2375 dicente-

3104 2446 3200 2506 Ex
3229 2456 3477 2525 aegypto
3507 2465 3657 2507 uoca

3105 2543 3164 2599 ui
3194 2542 3370 2600 filium
3398 2554 3592 2600 meu‘·
3616 2548 3652 2606 †

3103 2642 3139 2700 †
3159 2636 3389 2695 ¹⁶Tunc
3419 2635 3668 2696 herodes

3102 2741 3166 2789 ut
3192 2731 3333 2790 uidit
3355 2761 3368 2774 ·
3432 2736 3576 2808 qilm

3104 2825 3339 2884 delusus
3367 2835 3455 2885 est
3484 2844 3520 2884 a

3104 2920 3294 2995 magis
3317 2946 3330 2959 ·
3396 2920 3575 2978 iratus

3105 3023 3193 3072 est
3222 3013 3511 3072 uehemen

3105 3118 3191 3166 ter
3215 3134 3227 3146 ·
3291 3117 3349 3165 et
3377 3107 3612 3166 mittens

3105 3201 3316 3261 occidit
3342 3219 3550 3260 omnes

3103 3314 3318 3374 pueros
3347 3295 3446 3372 qui
3473 3313 3506 3353 e

3102 3401 3230 3449 rant
3257 3393 3318 3448 in
3346 3388 3634 3447 bethlee—·

3101 3495 3158 3543 et
3186 3485 3246 3541 in
3275 3483 3548 3542 omnibus

3102 3577 3435 3654 regionibus
3464 3577 3587 3635 eius
3613 3603 3625 3616 ·

3101 3669 3157 3727 A
3188 3669 3404 3727 bimatu
3474 3679 3531 3726 et
3559 3668 3621 3725 in

3101 3763 3186 3821 fra
3217 3762 3542 3822 secundum

3101 3869 3331 3935 tempus
3402 3858 3563 3934 quod

3099 3953 3444 4030 exquisierat
3472 3971 3507 4010 a

3100 4048 3288 4123 magis
3313 4072 3325 4085 ·
3390 4046 3433 4080 ¹⁷
3447 4047 3620 4106 Tunc

3099 4141 3480 4217 adimpletum

3100 4251 3186 4299 est
3217 4240 3376 4318 quod
3406 4241 3562 4301 dictu
3592 4253 3679 4301 est

3832 537 3957 586 1⁸01.
3975 537 4030 585 4.
