4414 4917
593 358 802 408 xxvu.
821 352 973 406 66-1.
992 351 1069 417 6.]

294 517 438 567 rol.
462 520 552 567 80.
638 515 788 566 lectio
811 517 865 566 in
886 515 1088 582 uegilils
1106 527 1257 580 pasce

659 609 747 658 per
765 596 927 645 altare

594 668 790 732 chrum
814 705 829 720 ·
890 674 1188 751 signantes

593 765 848 843 lapidem
879 785 1016 826 cum
1046 785 1152 825 cus

595 861 832 919 todibus
857 892 871 906 ·

572 952 708 1014 ¹⁸¹2&
751 952 772 985 ¹
790 954 1052 1031 Uespere
1079 962 1277 1013 autem

570 1046 825 1107 *sabbati
845 1080 860 1095 ·
920 1066 1072 1125 quae

568 1140 842 1202 *lucescit
868 1143 929 1200 in
956 1142 1044 1218 pri

569 1233 699 1295 *ma
726 1237 950 1296 sabbati
970 1267 983 1282 ·
1047 1233 1142 1295 Ue

595 1330 682 1387 nit
709 1330 892 1388 maria
921 1330 1141 1407 magda

596 1422 729 1482 lena
748 1454 762 1469 ·
824 1432 882 1483 et
910 1423 1089 1482 altera

596 1514 777 1576 maria
805 1518 1000 1577 uidere
1029 1535 1093 1577 se

596 1610 899 1687 pulchrum
923 1642 937 1658 ·
980 1612 1004 1647 ⁸
1020 1610 1098 1670 Et

597 1723 734 1764 ecce
763 1714 911 1765 terre
940 1715 1136 1764 motus

598 1797 783 1858 factus
810 1809 898 1857 est
926 1817 1177 1876 magnus

597 1891 863 1969 Angelus
892 1893 1049 1951 enim
1078 1892 1178 1950 dni

599 1984 896 2045 descendit
924 1986 997 2044 de
1027 1987 1191 2046 caelo
1209 2017 1225 2033 ·

596 2089 653 2137 et
679 2079 968 2138 accedens
994 2097 1057 2138 re

598 2173 778 2233 uoluit
804 2173 1058 2250 lapidem

601 2268 676 2325 ab
702 2275 868 2325 osteo
897 2275 955 2325 et
982 2266 1120 2325 sede

600 2360 698 2419 bat
724 2379 898 2437 super
924 2378 1061 2418 eum
1084 2390 1099 2406 ·
1166 2432 1173 2445 ,

603 2453 778 2513 ⁸Erat
806 2465 1001 2513 autem
1030 2473 1208 2533 aspec

940 886 1147 913 σιω..

602 2596 690 2646 tus
711 2589 835 2646 eius
865 2587 1013 2645 sicut
1038 2586 1118 2646 ful

601 2701 705 2759 gor
730 2691 788 2741 et
813 2681 1096 2743 uestimen

600 2785 657 2834 ta
682 2777 806 2835 eius
834 2775 1083 2835 candida
1109 2776 1159 2836 si

600 2879 695 2928 cut
723 2870 824 2928 nix
848 2901 862 2917 ·
926 2870 948 2903 ⁴
965 2889 1104 2947 prae
1135 2871 1178 2929 ti

602 2981 763 3022 more
791 2974 985 3023 autem
1015 2964 1138 3023 eius

604 3055 849 3117 exterriti
878 3067 1013 3117 sunt
1033 3076 1138 3117 cus

604 3152 767 3211 todes
838 3161 894 3211 et
923 3151 1058 3211 facti

606 3254 738 3304 sunt
765 3244 924 3303 uelut
951 3263 1080 3304 mor

605 3337 718 3396 tui·
745 3368 760 3384 ·
782 3369 796 3384 ·
862 3337 884 3370 ⁶
902 3338 1147 3413 Respon

607 3432 747 3490 dens
775 3442 969 3491 autem
1004 3451 1155 3508 ange

605 3522 693 3583 lus
721 3524 866 3584 dixit
894 3526 1115 3584 mulieri

606 3620 714 3677 bus
738 3650 753 3665 ·
813 3618 990 3679 nolite
1019 3620 1157 3677 time

606 3730 666 3771 re
694 3730 802 3772 uos
825 3744 839 3758 ·
901 3712 1036 3772 Scio
1063 3714 1209 3772 eni-

608 3805 766 3884 quod
791 3806 912 3865 ihm
941 3808 1041 3883 qui
1071 3825 1174 3867 cru

608 3899 840 3959 cifixsus
868 3909 957 3960 est
983 3919 1097 3977 que

611 3993 726 4051 ritis
751 4025 765 4039 ·
809 3994 830 4026 ⁶
847 4011 968 4053 non
996 4005 1084 4054 est
1111 3992 1206 4053 hic

614 4086 851 4145 surrexit
876 4088 1033 4145 enim
1063 4089 1111 4145 si

615 4188 709 4237 cut
734 4173 877 4239 dixit
900 4210 915 4225 ·
973 4181 1107 4239 ueni

617 4280 668 4330 te
696 4273 886 4331 uidete
914 4273 1112 4331 locum
1131 4304 1146 4321 ·

618 4364 714 4422 ubi
740 4366 963 4443 positus
990 4376 1111 4426 erat
1138 4367 1249 4428 dns

1825 326 2268 404 IOHANNE'
2286 369 2299 384 ·

1350 667 1374 702 '¹
1390 667 1471 727 Et
1497 668 1614 729 cito
1643 679 1847 731 euntes
1877 669 1938 730 di

1354 764 1463 823 cite
1492 764 1792 841 discipulis

1353 858 1476 917 eius
1500 888 1514 904 ·
1575 857 1733 930 Quia
1762 876 1859 917 sur

1354 953 1501 1011 rexit
1529 970 1564 1010 a
1591 953 1832 1011 mortuis

1354 1055 1412 1105 et
1440 1065 1581 1106 ecce
1607 1047 1883 1122 precedet

1355 1156 1466 1198 uos
1494 1139 1555 1198 in
1582 1138 1853 1216 galileam

1354 1242 1413 1291 et
1438 1233 1517 1292 ibi
1545 1251 1681 1291 eum
1706 1233 1900 1293 uidebi

1353 1326 1425 1386 tis
1445 1357 1459 1373 ·
1504 1345 1644 1386 ecce
1670 1328 1932 1403 praedixi

1352 1421 1522 1479 uobis
1546 1453 1560 1467 ·
1620 1426 1658 1486 †
1678 1421 1700 1454 ⁸
1719 1432 1776 1481 et
1804 1424 1932 1483 exie

1354 1524 1487 1572 runt
1514 1515 1630 1574 cito
1660 1516 1734 1575 de
1762 1535 1863 1576 mo

1352 1619 1633 1670 numento
1659 1629 1795 1669 cum
1822 1613 1869 1671 ti

1353 1720 1517 1762 more
1544 1713 1602 1762 et
1628 1705 1847 1780 gaudio

1353 1813 1574 1872 magno
1596 1828 1611 1843 ·
1671 1810 1965 1860 currentes

1354 1890 1617 1951 nuntiare
1647 1891 1871 1971 discipu

1351 1980 1422 2041 lis
1442 2015 1457 2029 ·
1499 1985 1521 2018 ⁹
1539 2002 1674 2043 cum
1696 1997 1892 2047 autem

1357 2077 1613 2137 abierent
1640 2081 1839 2140 nuntia

1356 2189 1419 2230 re
1448 2171 1740 2250 discipulis
1764 2206 1779 2221 ·
1840 2176 1918 2235 Et

1359 2283 1497 2325 ecce
1525 2267 1615 2324 ihs
1644 2270 1868 2328 occurit
1894 2271 1934 2329 il

1358 2358 1428 2417 lis
1456 2360 1656 2420 dicens
1674 2388 1689 2402 ·
1747 2364 1992 2425 hauaete
2011 2398 2025 2414 ·

1359 2452 1450 2513 Illi
1478 2465 1671 2515 autem
1702 2460 1961 2519 acceden

1355 2594 1443 2645 tes
1468 2597 1776 2647 tenuerunt
1801 2609 1877 2667 pe

1357 2680 1461 2739 des
1488 2681 1611 2741 eius
1639 2691 1697 2741 et
1725 2683 1907 2744 adora

1354 2785 1559 2833 uerunt
1585 2793 1722 2834 eum
1745 2808 1760 2824 ·

1354 2866 1580 2928 ¹⁰Tunc
1600 2869 1793 2930 aitillis
1810 2871 1899 2932 ihs
1920 2904 1934 2919 ·
1978 2890 2058 2932 no

1353 2959 1450 3021 lite
1479 2964 1681 3023 timere
1703 2997 1716 3012 ·
1779 2965 1863 3024 Ite
1893 2984 2015 3026 nun
2124 3019 2129 3028 ,

1355 3057 1490 3115 tiate
1520 3057 1786 3118 fratribus
1815 3062 1961 3121 meis

1358 3160 1419 3208 ut
1447 3160 1581 3209 eant
1610 3152 1671 3210 in
1699 3154 1969 3230 galileam
1993 3187 2008 3202 ·

1358 3254 1415 3301 et
1444 3245 1520 3302 ibi
1551 3265 1645 3305 me
1675 3248 1989 3306 uidebunt·
2084 3279 2189 3328 Inu

1359 3336 1398 3369 ¹¹
1411 3337 1580 3410 Quae
1599 3359 1734 3398 cum
1754 3342 2011 3402 abierent
2029 3376 2042 3390 ·
2084 3345 2165 3393 tiis

2320 586 2473 637 lectio
2493 587 2644 638 tertia
2666 587 2731 636 ad
2755 588 2942 639 Fontoe

2276 667 2448 727 dicite
2475 669 2612 745 quia
2639 668 2783 727 disci

2274 761 2395 838 puli
2423 761 2569 820 illius
2599 772 2778 821 noctu

2274 865 2559 915 uenerunt
2584 865 2642 914 et
2669 854 2730 913 fu

2274 944 2380 1006 rati
2408 957 2544 1006 sunt
2571 967 2708 1008 eum
2731 968 2812 1009 no

2275 1042 2365 1101 bis
2393 1042 2814 1102 dormientibus
2836 1073 2852 1089 ·

2273 1134 2319 1169 ¹⁴
2335 1134 2411 1193 Et
2434 1136 2481 1193 si
2504 1135 2617 1196 hoc
2639 1135 2898 1196 auditum
2918 1135 2979 1195 fu

2276 1229 2380 1288 erit
2409 1248 2445 1288 a
2471 1229 2735 1306 praeside

2275 1340 2386 1382 nos
2413 1324 2783 1384 suadebimus

2274 1418 2329 1476 ei
2396 1427 2453 1477 et
2481 1435 2714 1478 securos
2768 1437 2879 1478 uos

2274 1509 2554 1569 faciemus
2574 1542 2589 1557 ·
2633 1511 2677 1544 ¹⁶
2693 1513 2773 1572 At
2800 1512 2876 1571 illi

2274 1614 2516 1681 accepta
2543 1607 2792 1681 pecunia
2814 1637 2829 1653 ·

2274 1698 2535 1757 fecerunt
2563 1700 2709 1758 sicut

2274 1802 2439 1850 erant
2465 1791 2658 1850 edocti
2688 1823 2703 1839 ·

2274 1896 2332 1944 et
2359 1885 2762 1963 difluulgatum

2276 1988 2363 2039 est
2389 1981 2633 2038 uerbum
2664 1980 2815 2039 istud

2276 2073 2434 2149 apud
2463 2073 2667 2132 iudeos
2768 2091 2840 2134 us

2276 2184 2427 2243 quae
2454 2167 2514 2224 in
2543 2166 2825 2225 hodiernii

2276 2259 2433 2318 diem
2456 2285 2469 2298 ·
2527 2265 2565 2326 †
2586 2256 2630 2292 ¹⁶
2645 2259 2880 2321 Undec‘i

2278 2363 2473 2412 autem
2503 2352 2769 2430 discipuli

2276 2448 2542 2507 abierunt
2566 2448 2628 2506 in
2654 2448 2924 2525 galilea-

2277 2581 2337 2637 in
2367 2590 2628 2639 montem
2658 2582 2758 2640 ubi

2278 2674 2653 2733 constituerat
2681 2674 2787 2735 illis

2279 2766 2369 2824 ihs
2393 2797 2408 2811 ·
2450 2764 2495 2798 ¹⁷
2512 2776 2570 2825 et
2595 2767 2860 2829 uidentes

2280 2877 2416 2917 eum
2444 2859 2834 2922 adorauerunt

2281 2970 2416 3011 eum
2439 2984 2453 2999 ·
2515 2955 2754 3031 quidam
2782 2974 2860 3016 au

2281 3056 2399 3104 tem
2420 3045 2825 3108 dubitauerunt
2854 3081 2869 3097 ·

2281 3138 2324 3172 ¹⁸
2342 3139 2417 3198 Et
2447 3142 2735 3202 accedens
2764 3144 2854 3203 ihs

2250 3234 2510 3293 ‚locutus
2544 3244 2631 3295 est
2650 3238 2735 3295 eis

2281 3327 2481 3386 dicens
2505 3360 2519 3375 ·
2584 3336 2619 3393 †
2644 3330 2780 3390 data

1357 3450 1494 3491 ecce
1516 3434 1755 3509 quidam
1776 3435 1849 3494 de
1877 3446 2041 3496 custo
2084 3425 2234 3474 9²⁸oe
2277 3432 2365 3480 est
2391 3422 2532 3481 mihi
2559 3426 2754 3485 omnis

1360 3525 1528 3585 dibus
1557 3540 1837 3588 uenerunt
1863 3531 1925 3589 in

1359 3620 1646 3680 ciuitatem
1675 3633 1732 3681 et
1759 3625 1952 3684 nuntia

1360 3725 1568 3774 uerunt
1595 3716 1838 3795 principi

1360 3809 1470 3867 bus
1498 3810 1861 3870 sacerdotum
1882 3844 1896 3860 ·

1360 3904 1559 3961 omnia
1568 3905 1879 3980 quaefacta
1889 3917 2025 3966 sunt
2045 3939 2058 3954 ·

1360 3993 1828 4075 ¹²Etcongregati
1846 4018 1981 4059 cum
1999 4019 2059 4060 se

1360 4091 1616 4150 nioribus
1644 4095 1886 4153 consilio

1362 4196 1602 4262 accepto
1630 4188 1928 4264 pecunia·-

1361 4279 1601 4337 multam
1630 4280 1912 4339 dederunt

1361 4371 1635 4433 militibus
1715 4373 1759 4407 ²³
1776 4373 2033 4435 dicentes

2282 3527 2540 3594 potestas
2568 3518 2629 3576 in
2658 3519 2822 3579 caelo

2282 3618 2340 3668 et
2367 3610 2429 3667 in
2456 3621 2606 3681 terra
2625 3643 2639 3658 ·

2281 3702 2326 3736 ¹⁹
2343 3703 2568 3763 Euntes
2598 3724 2738 3783 ergo
2766 3705 2915 3767 doce

2282 3806 2339 3854 te
2366 3814 2574 3856 omnes
2603 3809 2806 3874 gentes

2282 3890 2641 3966 baptizantes
2665 3910 2769 3951 eos
2787 3925 2803 3940 ·

2281 3983 2343 4039 in
2370 3984 2609 4043 nomine
2637 3987 2816 4062 patris
2836 4017 2851 4033 ·

2280 4084 2338 4133 et
2367 4075 2445 4132 fili
2464 4106 2480 4122 ·
2541 4087 2600 4136 et
2629 4084 2729 4154 sps
2759 4080 2842 4139 sci
2866 4111 2880 4126 ·

2281 4166 2328 4202 ²⁰
2344 4169 2644 4231 Docentes
2671 4190 2773 4232 eos
2803 4191 2894 4232 ser

2283 4282 2421 4323 uare
2449 4267 2648 4323 omnia
2675 4284 2826 4341 quae

2281 4374 2534 4434 cumque
2563 4359 2842 4420 mandaui

2607 4454 2776 4513 uobis

3519 365 3603 424 41

3766 518 3891 568 1⁸01.
3913 518 3998 568 81.

3123 591 3342 642 secondo.
3362 592 3469 643 siria
3489 595 3542 644 in
3564 594 3709 646 albu

3060 671 3140 732 Et
3166 691 3306 732 ecce
3334 693 3448 751 ego
3476 676 3648 735 uobis

3060 783 3198 824 cum
3227 784 3358 825 sum
3378 800 3393 813 ·
3459 768 3626 828 omni

3059 858 3171 918 bus
3199 859 3404 920 diebus
3434 879 3503 921 us

3061 972 3212 1030 quae
3240 954 3316 1012 ad
3344 973 3594 1014 consum

3061 1048 3382 1107 mationem
3411 1049 3589 1109 seculi
3611 1076 3695 1105 -e-

3089 1167 3670 1199 mmmm

3139 1421 3641 1484 EVAGELIVM
3666 1439 3769 1476 κ’,

3191 1516 3650 1579 SECUNDUM
3670 1546 3771 1573 -ω

3165 1611 3662 1672 MATTHEUM
3682 1640 3785 1669 ..ω

3249 1716 3578 1763 Exmussrr
3608 1732 3709 1761 “e-

3120 1796 3440 1858 INCIPIT
3482 1800 3714 1860 EUAN

3065 1890 3280 1950 LIUM
3301 1924 3314 1938 ·
3334 1891 3798 1954 SECUNDUM

3149 1983 3617 2046 IOHANNEM
3638 2020 3651 2034 ·
3679 2020 3692 2035 ·
3720 2019 3733 2034 ·
3756 2020 3771 2035 ·

3157 2103 3734 2142 sam-estse*

3066 2372 3322 2433 minitifl
3347 2406 3359 2421 ·
3390 2374 3676 2453 euangelii
3690 2401 3772 2427 ω

2995 2492 3079 2516 m
3097 2469 3319 2527 secund
3351 2502 3365 2516 ·
3408 2471 3713 2530 iohanne*
3732 2498 3816 2527 -e-

3019 2589 3050 2623 ¹⁸¹
3072 2597 3122 2649 1.
3158 2593 3176 2625 ¹
3194 2592 3266 2651 In
3294 2595 3582 2671 principio

3017 2687 3050 2723 '⁸‘
3069 2696 3193 2745 erat
3219 2691 3466 2746 uerbum
3490 2719 3505 2734 ·

3020 2777 3049 2811 *
3068 2790 3126 2838 et
3153 2781 3399 2839 uerbum
3427 2792 3551 2841 erat

3019 2872 3050 2906 ¹⁸¹
3069 2875 3225 2951 apud
3254 2875 3355 2933 ἀῶ
3379 2907 3394 2923 ·
3452 2886 3510 2936 et
3537 2878 3610 2938 ds

3018 2965 3048 2999 ¹⁸¹
3069 2978 3192 3027 erat
3219 2971 3464 3028 uerbum
3487 3002 3503 3018 ·

3017 3059 3047 3093 *¹
3067 3057 3091 3092 ⁸
3107 3062 3219 3121 hoc
3251 3075 3373 3123 erat
3401 3065 3462 3122 in
3490 3067 3621 3141 prin

3016 3152 3046 3186 ¹⁸¹
3067 3156 3221 3232 cipio
3251 3158 3408 3234 apud
3437 3159 3537 3217 dm
3560 3191 3575 3208 ·

3064 3249 3087 3282 ⁸
3105 3252 3308 3309 omnia
3334 3271 3438 3328 per
3465 3255 3658 3329 ipsum

3066 3343 3219 3402 facta
3247 3356 3382 3405 sunt
3442 3358 3499 3405 et
3527 3349 3649 3408 sine

3067 3437 3166 3496 illo
3196 3439 3411 3497 sactum
3432 3450 3520 3500 est
3548 3442 3689 3500 nihil

3069 3532 3233 3607 quod
3261 3530 3476 3591 factum
3502 3544 3592 3593 est

3068 3624 3167 3682 ⁴in
3194 3642 3266 3684 eo
3295 3627 3410 3685 uita
3438 3637 3526 3685 est
3549 3658 3564 3673 ·
3629 3637 3687 3688 et
3713 3628 3772 3687 ui

3068 3727 3127 3777 ta
3155 3729 3275 3778 erat
3301 3718 3400 3777 lux
3429 3720 3737 3779 hominu--

3069 3810 3092 3844 ¹⁵
3109 3823 3168 3872 et
3195 3813 3293 3872 lux
3321 3812 3476 3872 lucet
3502 3814 3564 3871 in
3589 3824 3723 3874 tene

3068 3907 3188 3966 bris
3246 3915 3304 3966 et
3331 3909 3567 3966 tenebre

3070 4018 3210 4059 eum
3238 4018 3360 4058 non
3388 4019 3607 4079 conpre

3070 4092 3433 4152 henderunt·
3465 4124 3481 4140 ·

3070 4186 3091 4218 ⁶
3109 4185 3240 4245 Fuit
3268 4188 3449 4246 homo
3477 4187 3690 4249 missus

3069 4298 3105 4339 a
3135 4281 3212 4339 do
3242 4283 3334 4341 cui
3363 4299 3581 4342 nomen
3607 4301 3642 4343 e

3067 4385 3158 4434 rat
3183 4375 3469 4435 iohannes

3408 4504 3448 4545 G
