4414 4917
791 344 879 408 66
1787 406 1789 410 Α
2098 352 2504 417 SECUND·
3244 360 3405 425 [xvr.
3431 368 3700 431 24-xv11.
3728 378 3806 414 υ.

454 531 773 583 lomna„
794 516 840 555 ²⁴
858 517 1062 596 Usque
1090 537 1249 579 nunc
1277 521 1417 580 nihil
1546 522 1765 583 ⁸2Ecce
1783 523 1977 583 ueniet
1990 520 2129 583 hora
2146 554 2161 570 ·
2191 534 2251 585 et
2354 534 2412 583 te
2440 523 2632 600 ipsum
2656 553 2671 569 ·
2729 522 2828 581 illo
2851 522 2931 581 ho
3104 521 3166 579 in
3197 524 3436 582 nomine
3466 533 3567 583 tuo
3595 537 3738 602 qu0s
3833 545 4139 595 roman,

796 614 1020 694 petistis
1047 615 1108 676 in
1137 616 1301 674 nomi
1548 635 1706 677 nunc
1732 619 1892 676 uenit
1920 627 1983 677 ut
2011 619 2100 678 dis
2355 636 2499 677 nore
2528 635 2706 695 quem
2734 617 2910 676 habui
3107 615 3316 675 dedisti
3337 618 3475 676 mihi
3536 637 3639 678 cus

796 728 873 769 ne
902 727 1038 768 meo
1058 740 1072 756 ·
1138 709 1316 786 petite
1547 712 1871 788 pergamini
1895 731 2045 771 unus
2185 731 2189 734 ’
2355 722 2670 789 antequam
2690 730 2834 769 mun
3105 710 3288 768 todiui
3316 723 3373 769 et
3402 729 3578 771 nemo
3607 733 3681 774 ex

796 813 856 864 et
874 804 1166 879 accipietis
1187 813 1252 862 ut
1547 806 1826 883 quisquae
1855 808 1916 865 in
1944 824 2048 866 sua
2069 838 2083 853 ·
2357 806 2466 885 dus
2495 816 2647 866 esset
2674 816 2814 882 aput
2831 819 2889 865 te
3102 803 3212 862 illis
3241 805 3406 881 periit
3434 807 3546 864 nisi
3573 808 3612 866 fi

795 897 1073 975 gaudium
1093 904 1291 957 uestrii
1546 910 1607 958 et
1634 918 1731 958 me
1759 900 1949 960 solum
1982 901 2126 960 relin
2353 900 2374 932 ⁶
2393 899 2764 959 Manifestaui
2793 911 3006 959 nomen
3102 896 3210 956 lius
3242 900 3577 974 perditionis
3601 932 3615 948 ·

793 993 867 1050 sit
895 992 1133 1068 plenum
1153 1022 1167 1038 ·
1548 994 1738 1069 quatis
1762 1025 1776 1041 ·
1838 993 1918 1053 Et
1946 1012 2068 1055 non
2095 1001 2166 1054 sii
2355 1002 2519 1051 tuum
2554 994 2889 1053 hominibus
3103 1002 3166 1049 ut
3195 992 3473 1068 scriptura
3501 994 3679 1072 imple

792 1083 838 1118 ’ὅ
858 1084 1027 1146 Haec
1056 1087 1119 1145 in
1145 1087 1417 1162 prouerbi
1549 1087 1708 1147 solus
1736 1088 1871 1165 quia
1900 1099 2064 1165 pater
2351 1104 2504 1163 quos
2532 1088 2739 1147 dedisti
2769 1086 2910 1145 mihi
3104 1096 3229 1144 atur
3250 1117 3264 1131 ·
3302 1086 3345 1119 ¹⁸
3365 1087 3422 1146 N
3425 1105 3541 1147 unc
3564 1107 3639 1148 au

792 1180 842 1239 is
869 1180 1098 1240 locutus
1121 1198 1250 1238 sum
1272 1198 1353 1240 uo
1548 1199 1715 1241 meus
1736 1200 1968 1242 mecum
1997 1192 2084 1242 est
2105 1214 2120 1230 ·
2351 1180 2426 1239 de
2455 1180 2570 1241 hoc
2597 1181 2822 1240 mundo
2843 1213 2856 1227 ·
3103 1188 3223 1238 tem
3251 1198 3287 1238 a
3314 1189 3370 1238 te
3399 1182 3575 1240 uenio
3646 1193 3704 1243 et

791 1274 883 1333 bis
902 1306 917 1320 ·
984 1273 1103 1333 Sed
1131 1274 1330 1333 ueniet
1545 1275 1769 1336 ¹¹⁸Haec
1787 1278 2014 1336 locutus
2025 1295 2151 1336 sum
2163 1295 2244 1337 uo
2350 1274 2433 1332 tui
2460 1285 2624 1334 erant
2652 1284 2713 1335 et
2740 1274 2885 1333 mibi
3102 1271 3246 1332 haec
3277 1273 3486 1350 loquor
3513 1276 3573 1333 in
3602 1294 3746 1335 mun

792 1367 940 1427 hora
967 1386 1103 1426 cum
1132 1368 1250 1426 iam
1280 1385 1403 1427 non
1545 1368 1634 1428 bis
1663 1381 1727 1428 ut
1755 1370 1817 1428 in
1845 1389 1938 1428 me
1967 1389 2175 1447 pacem
2348 1367 2478 1426 illos
2505 1369 2710 1427 dedisti
2734 1400 2747 1414 ·
2795 1367 2870 1425 Et
3102 1367 3181 1426 do
3249 1378 3313 1426 ut
3341 1368 3592 1429 habeant
3619 1389 3739 1446 gau

789 1461 852 1520 in
882 1461 1200 1537 prouerbiis
1228 1461 1286 1519 lo
1544 1462 1808 1523 habeatis
1829 1497 1842 1511 ·
1909 1465 1983 1523 In
2011 1464 2126 1524 hoc
2347 1462 2591 1520 uerbum
2620 1472 2780 1521 tuum
2802 1483 2907 1526 cus
3101 1459 3260 1518 dium
3290 1479 3486 1520 meum
3516 1464 3694 1538 plenu

791 1573 937 1632 quar
958 1555 1126 1613 uobis
1146 1585 1160 1600 ·
1223 1554 1342 1613 Sed
1541 1558 1766 1616 mundo
1786 1558 2077 1617 tribulatio
2348 1555 2640 1615 todierunt
2662 1587 2677 1603 ·
2720 1556 2744 1591 ⁷
2767 1558 2947 1619 Nunc
3100 1554 3161 1611 in
3192 1573 3253 1613 se
3325 1556 3367 1588 ¹⁴
3388 1574 3501 1631 ego
3531 1558 3665 1617 dedi
3692 1559 3803 1618 illis

788 1648 984 1724 palam
1015 1650 1089 1707 de
1118 1658 1282 1724 patre
1541 1668 1681 1709 nem
1711 1652 1997 1717 habebitis
2023 1683 2038 1699 ·
2101 1650 2220 1711 Sed
2348 1650 2604 1724 cognoui
2630 1653 2793 1726 quod
2822 1671 2924 1711 om
3097 1649 3342 1707 uerbum
3370 1659 3528 1708 tuum
3600 1663 3659 1711 et

788 1744 1072 1801 nuntiabo
1101 1743 1270 1801 uobis
1290 1773 1304 1789 ·
1541 1754 1877 1804 constantes
1907 1756 2034 1805 esto
2345 1742 2445 1800 nia
2471 1760 2620 1818 quae
2651 1745 2859 1806 dedisti
3098 1741 3351 1801 mundus
3380 1744 3505 1803 odit
3533 1746 3664 1805 illos
3685 1778 3699 1793 ·

786 1833 831 1868 ²⁶
849 1835 921 1893 In
949 1836 1043 1895 illa
1071 1836 1166 1894 die
1193 1836 1256 1894 in
1285 1838 1447 1896 nomi
1541 1848 1598 1897 te
1627 1845 1769 1915 qum
1798 1858 1912 1916 ego
1941 1841 2057 1899 uici
2346 1836 2487 1895 mihi
2511 1856 2546 1895 a
2568 1849 2623 1897 te
2642 1851 2775 1899 sunt
2799 1872 2812 1886 ·
2856 1841 2877 1875 ⁸
2894 1843 3032 1920 quia
3098 1837 3234 1911 quia
3262 1855 3385 1895 non
3414 1851 3551 1898 sunt
3579 1839 3652 1899 de

789 1948 865 1989 ne
887 1947 1023 1988 meo
1041 1930 1325 2006 pofltulabi
1566 1933 2035 1992 mmundumoe-
2344 1931 2524 1988 uerba
2552 1950 2700 2009 quae
2730 1934 2896 1993 dedis
3097 1928 3212 1987 hoc
3240 1930 3465 1990 mundo
3489 1964 3503 1978 ·
3576 1934 3724 1994 sicut

785 2025 861 2083 tis
880 2054 893 2069 ·
959 2034 1019 2083 et
1046 2042 1169 2083 non
1192 2024 1386 2083 dicam
1471 2024 1506 2064 *
1529 2031 1619 2086 17.
1651 2026 1671 2058 ¹
1694 2026 1862 2086 Haec
1891 2026 2122 2086 locutus
2151 2038 2240 2087 est
2344 2025 2385 2082 ti
2415 2025 2556 2082 mihi
2587 2027 2721 2086 dedi
2749 2028 2855 2087 illis
2878 2060 2893 2075 ·
3097 2042 3212 2099 ego
3242 2043 3363 2084 non
3392 2044 3523 2085 sum
3554 2027 3627 2087 de
3655 2029 3770 2090 hoc

786 2119 959 2177 uobis
1017 2118 1155 2194 quia
1183 2136 1297 2194 ego
1326 2137 1392 2178 ro
1473 2120 1507 2158 *
1533 2131 1590 2179 et
1620 2121 1833 2180 leuauit
1850 2120 2057 2181 oculos
2077 2118 2220 2204 [ihs·
2344 2117 2419 2176 Et
2448 2119 2525 2176 illi
2554 2135 2900 2198 acceperunt
3097 2119 3321 2178 mundo
3344 2151 3358 2165 ·
3404 2121 3446 2154 ¹⁶
3465 2121 3522 2180 N
3526 2140 3606 2181 on
3628 2142 3777 2201 rogo

786 2214 943 2288 gabo
974 2222 1203 2289 patrem
1234 2231 1343 2289 pro
1478 2214 1510 2253 *
1536 2233 1675 2274 suos
1704 2217 1764 2274 in
1793 2216 2018 2275 caelum
2038 2250 2051 2263 ·
2204 2289 2210 2293 .
2344 2230 2416 2271 ea
2443 2223 2577 2272 uere
2647 2223 2789 2292 qum
2821 2236 2855 2276 a
2883 2228 2940 2277 te
3096 2224 3159 2270 ut
3189 2213 3354 2272 tollas
3383 2234 3487 2275 eos
3516 2217 3588 2276 de
3611 2236 3754 2277 mun

784 2307 955 2366 uobis
976 2338 989 2353 ·
1034 2305 1077 2339 ²⁷
1099 2307 1238 2383 Ipse
1260 2308 1418 2367 enim
1539 2320 1598 2368 et
1625 2310 1767 2369 dixit
1792 2319 1955 2387 pater
1972 2329 2065 2371 -ne
2344 2308 2607 2367 exierunt
2629 2340 2642 2354 ·
2708 2321 2766 2369 et
2796 2328 2892 2370 cre
3095 2306 3173 2365 do
3244 2309 3345 2366 sed
3373 2321 3436 2369 ut
3465 2329 3676 2371 conset

783 2448 949 2516 pater
977 2448 1134 2498 amat
1160 2456 1269 2498 uos
1290 2441 1427 2517 quia
1538 2441 1698 2501 uenit
1726 2440 1873 2501 hora
1892 2473 1907 2489 ·
1967 2441 2179 2504 honori
2346 2437 2615 2498 diderunt
2643 2446 2786 2517 qiim
2818 2451 2881 2501 tu
3094 2454 3197 2496 ues
3226 2438 3352 2499 illos
3382 2458 3417 2500 a
3445 2439 3706 2520 maligno
3737 2477 3751 2492 ·

783 2550 895 2593 uos
923 2552 1017 2592 me
1048 2536 1284 2593 amastis
1306 2566 1320 2580 ·
1537 2536 1650 2595 fica
1676 2537 1858 2595 filium
1887 2547 2084 2596 tuum·
2345 2551 2440 2591 me
2458 2535 2664 2593 misisti
2683 2566 2696 2581 -
2738 2535 2902 2613 ⁹Ego
2921 2556 3028 2613 pro
3095 2531 3137 2565 ¹⁶
3155 2532 3246 2592 De
3275 2534 3388 2594 hoc
3418 2539 3641 2598 mundo
3672 2558 3795 2599 non

783 2626 863 2687 Et
884 2628 1205 2687 credidistis
1226 2629 1365 2704 quia
1536 2642 1599 2689 ut
1627 2641 1685 2690 et
1713 2631 1861 2689 filius
1891 2641 2022 2690 tuus
2051 2631 2130 2692 ho
2344 2626 2452 2684 illis
2482 2645 2630 2703 rogo
2695 2647 2818 2688 non
2848 2649 2957 2706 pro
3095 2639 3228 2686 sunt
3291 2629 3438 2689 Sicut
3467 2650 3582 2707 ego

782 2740 899 2798 ego
918 2741 952 2781 a
970 2722 1048 2780 do
1067 2724 1246 2782 exiui·
1278 2720 1484 2782 ”exiui
1538 2725 1804 2784 notificet
1832 2736 1887 2784 te
1913 2751 1925 2764 ·
1970 2723 1992 2755 ²
2010 2727 2157 2786 sicut
2342 2722 2567 2780 mundo
2596 2740 2742 2799 rogo
2767 2755 2780 2769 ·
2845 2724 2959 2783 Sed
3094 2739 3217 2780 non
3246 2739 3374 2780 sum
3405 2723 3477 2783 de
3507 2725 3622 2785 hoe
3651 2744 3794 2785 mun

783 2833 820 2874 a
848 2827 1010 2892 patre
1039 2827 1097 2875 et
1125 2818 1261 2875 ueni
1290 2818 1353 2875 in
1538 2817 1746 2878 dedisti
1770 2820 1821 2877 ei
1845 2829 2074 2895 potesta
2344 2832 2452 2890 pro
2482 2816 2565 2874 eis
2594 2834 2747 2892 quos
2776 2817 2919 2875 mihi
3095 2814 3172 2874 do
3192 2846 3206 2860 ·
3267 2815 3310 2848 ¹⁷
3335 2817 3531 2877 scifica
3560 2820 3688 2879 illos
3716 2821 3778 2879 in

782 2908 939 2969 hunc
968 2909 1253 2967 mundum
1280 2941 1295 2956 .
1535 2920 1653 2969 tem
1683 2913 1878 2970 omnis
1907 2914 2099 2972 carnis
2120 2944 2135 2960 .
2339 2908 2547 2967 dedisti
2616 2910 2750 2986 quia
2772 2911 2852 2968 tUi
2874 2921 3006 2971 sunt
3026 2944 3041 2958 ·
3091 2910 3330 2969 ueritate
3355 2921 3452 2970 tua
3471 2944 3485 2958 ·
3545 2931 3650 2972 uel·

783 3001 1002 3061 Iterum
1031 3003 1292 3081 relinquo
1534 3014 1596 3063 ut
1624 3022 1804 3064 omne
1832 3007 1994 3082 quod
2023 3007 2096 3066 de
2338 2999 2383 3033 ¹⁰
2402 3010 2461 3060 et
2488 3020 2621 3061 mea
2649 3005 2848 3062 omnia
2877 3015 2974 3064 tua
3092 3003 3231 3062 bum
3260 3015 3422 3065 tuum
3457 3009 3668 3066 ueritas

782 3096 1069 3155 mundum
1098 3107 1155 3155 et
1182 3096 1339 3155 uado
1533 3097 1665 3156 disti
1695 3099 1748 3157 ei
1816 3099 1914 3157 det
1941 3099 2050 3158 illis
2076 3102 2195 3160 uita
2339 3105 2475 3154 sunt
2531 3106 2589 3155 et
2618 3106 2714 3155 tua
2744 3116 2878 3158 mea
2899 3131 2914 3145 ·
3091 3107 3180 3156 est
3203 3130 3217 3143 ·
3262 3097 3304 3130 ¹⁸
3326 3101 3472 3159 sicut
3502 3111 3562 3159 tu
3590 3121 3684 3162 me

782 3190 859 3249 ad
881 3200 1103 3267 patrem
1123 3222 1136 3236 .
1182 3188 1225 3222 ²⁹
1243 3190 1442 3251 dicunt
1533 3201 1880 3250 aeternam..
1924 3192 2123 3255 ⁸Haec
2142 3207 2230 3254 est
2336 3188 2414 3248 Et
2441 3189 2858 3251 honorificatus
2888 3199 2956 3252 ssi
3088 3191 3292 3250 misisti
3323 3194 3382 3251 in
3412 3194 3566 3254 hunc

696 3347 717 3362 ,
781 3285 1046 3361 discipuli
1075 3284 1222 3343 illius
1246 3315 1261 3330 ·
1532 3296 1727 3344 autem
1754 3287 1874 3346 uita
1902 3299 2137 3348 aeterna
2159 3321 2173 3337 ·
2336 3284 2398 3342 in
2419 3285 2556 3360 ipsis
2582 3317 2595 3331 ·
2628 3284 2670 3318 ¹¹
2688 3286 2883 3345 Etiam
2913 3306 3037 3347 non
3088 3285 3374 3344 mundum
3432 3298 3490 3346 et
3511 3307 3626 3364 ego

779 3378 938 3439 Ecce
969 3398 1125 3438 nunc
1156 3378 1351 3455 palam
1380 3379 1439 3438 lo
1532 3388 1595 3437 ut
1626 3392 1990 3456 cognoscant
2018 3393 2073 3442 te
2103 3400 2171 3442 so
2336 3395 2467 3437 sum
2497 3380 2572 3438 de
2600 3378 2716 3439 hoc
2747 3383 2975 3441 mundo
3088 3379 3217 3436 misi
3247 3380 3374 3439 illos
3401 3380 3462 3438 in
3491 3382 3649 3443 hunc

777 3474 971 3551 queris
1000 3483 1057 3532 et
1079 3473 1298 3531 nullum
1532 3471 1651 3531 lum
1680 3485 1736 3533 et
1763 3492 1966 3532 uerum
1995 3475 2096 3534 ἀῶ
2116 3507 2130 3522 ·
2333 3483 2392 3531 et
2415 3473 2505 3531 isti
2533 3474 2594 3531 in
2623 3475 2845 3534 mundo
2876 3487 3010 3536 sunt
3086 3472 3372 3531 mundum
3434 3475 3477 3508 ¹⁹
3494 3475 3570 3534 Et
3599 3495 3708 3553 pro

777 3569 1152 3644 prouerbium
1174 3567 1319 3626 dicis
1338 3599 1352 3613 ·
1531 3578 1588 3627 et
1609 3586 1786 3646 quem
1814 3569 2016 3628 misisti
2046 3570 2168 3628 ihm
2333 3577 2392 3625 et
2422 3585 2537 3643 ego
2568 3586 2602 3626 a
2632 3578 2688 3626 te
2716 3570 2893 3627 uenio
2917 3600 2930 3616 ·
3085 3565 3196 3624 illis
3227 3568 3424 3627 seifico
3453 3587 3547 3627 me
3577 3571 3708 3648 ipsii

775 3660 996 3721 ⁸”nunc
1025 3663 1246 3721 scimus
1274 3666 1419 3737 qum
1529 3667 1674 3738 xfim
1698 3693 1713 3709 ·
1755 3663 1778 3695 ⁴
1797 3681 1910 3740 ego
1941 3673 1996 3723 te
2025 3664 2188 3724 hono
2334 3659 2565 3720 Pateter
2595 3668 2692 3720 sce
2757 3680 2968 3721 conset
3085 3669 3149 3717 ut
3170 3661 3284 3719 sint
3312 3671 3369 3720 et
3400 3663 3509 3738 ipsi
3538 3666 3663 3723 seifi

775 3756 891 3816 scis
920 3758 1121 3815 omnia
1141 3787 1155 3803 ·
1226 3766 1284 3814 et
1311 3775 1436 3815 non
1527 3757 1749 3816 rificaui
1779 3776 1955 3835 super
1983 3768 2068 3817 ter
2332 3771 2408 3813 ua
2436 3773 2540 3813 eos
2561 3756 2622 3813 in
2645 3757 2885 3815 nomine
2909 3768 3009 3816 tuo
3088 3754 3199 3811 cati
3230 3755 3290 3811 in
3317 3757 3554 3816 ueritate
3579 3788 3593 3804 ·

773 3850 1067 3909 desideras
1093 3860 1158 3908 ut
1222 3851 1392 3927 liquis
1527 3869 1591 3909 ra
1611 3881 1625 3897 ·
1686 3869 1837 3928 opus
1862 3858 2047 3911 consfi
2333 3867 2483 3926 quos
2512 3849 2721 3908 dedisti
2751 3849 2892 3908 mihi
2919 3881 2933 3897 ·
3087 3844 3270 3905 ²⁰non
3294 3848 3367 3906 de
3402 3848 3492 3908 his
3520 3869 3670 3928 rogo
3694 3870 3761 3911 so

773 3952 832 4003 te
862 3945 1179 4022 interroget
1203 3976 1216 3991 ·
1278 3945 1349 4003 In
1527 3947 1685 4004 maui
1753 3945 1915 4021 quod
1945 3946 2110 4006 dedis
2332 3951 2394 4000 ut
2424 3943 2536 4001 sint
2556 3960 2738 4001 unum
2769 3945 2915 4003 sicut
3088 3940 3208 3998 lum
3239 3942 3341 3999 sed
3371 3962 3479 4019 pro
3510 3963 3605 4003 cre

772 4037 887 4097 hoc
918 4039 1209 4098 credimus
1239 4041 1375 4116 quia
1527 4041 1570 4098 ti
1597 4039 1739 4097 mihi
1768 4049 1831 4097 ut
1851 4039 2105 4099 facere-·
2332 4054 2443 4095 nos
2468 4034 2529 4082 ·¹²
2545 4054 2679 4095 cum
2706 4056 2898 4096 essem
3089 4036 3287 4095 dituris
3314 4055 3420 4113 per
3445 4041 3628 4098 uerbii

772 4150 809 4191 a
827 4132 904 4190 do
923 4134 1129 4192 existi·
1172 4132 1475 4211 ³¹Respon
1527 4132 1645 4191 ⁶Et
1673 4151 1831 4192 nunc
1861 4132 2186 4194 honorifica
2336 4131 2592 4190 cumillis
2621 4131 2681 4189 in
2710 4132 2936 4192 mundo
3088 4130 3315 4189 illorum
3345 4131 3404 4189 in
3440 4151 3536 4191 me
3599 4132 3640 4165 ²¹
3658 4144 3720 4193 ut

772 4225 856 4282 dit
886 4225 992 4284 illis
1024 4227 1113 4286 ihs
1142 4228 1325 4287 modo
1355 4245 1454 4286 cre
1530 4245 1626 4286 me
1649 4239 1711 4286 tu
1741 4238 1907 4305 pater
1964 4239 2107 4305 aput
2337 4243 2453 4304 ego
2474 4226 2780 4288 seruabam
2807 4225 2936 4287 illos
2965 4286 2977 4296 ,
3090 4243 3301 4286 omnes
3328 4244 3513 4285 unum
3543 4229 3660 4288 sint

1343 4321 1478 4380 ditis
