4414 4917
417 515 545 564 Iol.
560 515 651 566 ⁷8.

757 355 844 416 40

757 510 960 570 Unum
990 508 1065 570 ad
1082 506 1302 568 dextris

756 615 815 664 et
842 622 1026 664 unum
1055 603 1131 663 ad
1160 602 1303 661 sinis

756 700 859 758 tris
883 731 897 745 ·
962 697 1252 756 ”Transe

757 803 929 853 untes
958 802 1155 852 autem
1179 822 1195 838 ·

757 888 1181 947 blasfemabant

760 999 896 1040 eum
925 990 1233 1040 mouentes

756 1076 950 1153 capita
979 1093 1084 1134 sua
1142 1074 1187 1106 ‘⁰
1205 1082 1264 1131 et
1293 1070 1352 1129 di

759 1180 962 1230 centes
986 1201 999 1215 ·
1043 1186 1121 1226 ua
1144 1197 1158 1213 ·
1202 1167 1301 1243 qui

758 1264 1088 1325 destruebat
1117 1272 1235 1319 tem

758 1358 923 1437 plum
953 1358 1012 1417 di
1039 1367 1096 1415 et
1122 1356 1183 1413 in
1211 1354 1283 1413 tri

761 1454 880 1513 duo
906 1450 1044 1510 illud
1071 1467 1205 1508 raee

761 1546 1036 1605 dificabat
1058 1575 1073 1589 ·
1116 1543 1229 1601 libe

762 1658 826 1699 ra
855 1649 912 1699 te
942 1640 990 1697 si
1019 1638 1167 1696 filius
1196 1654 1260 1696 es

763 1733 825 1793 di
848 1765 861 1780 ·
907 1730 1200 1791 descende

763 1828 838 1887 de
866 1845 1039 1887 cruce
1065 1857 1080 1872 ·
1144 1824 1186 1857 ⁴¹
1208 1822 1355 1883 Simi

760 1921 888 1980 liter
914 1931 972 1979 et
1000 1920 1188 1997 princi

762 2035 870 2094 pes
898 2013 1203 2074 sacerdotfi

763 2110 1100 2170 deludentes
1127 2113 1202 2167 eii

765 2222 902 2263 cum
930 2202 1133 2261 scribis
1162 2212 1220 2260 et

764 2297 982 2356 fariseis
1011 2295 1139 2354 dice

767 2393 912 2451 bant
933 2422 947 2437 ·
1012 2389 1057 2422 ⁴²
1071 2389 1237 2448 Alios
1267 2386 1353 2447 sal

767 2541 876 2583 uos
903 2521 1037 2581 fecit
1060 2552 1075 2566 ·
1119 2520 1242 2597 seip

765 2635 899 2676 sum
926 2633 1046 2674 non
1074 2624 1264 2691 potest

767 2710 988 2770 saluum
1016 2708 1206 2767 facere
1231 2739 1245 2753 ·

771 2803 833 2863 Si
861 2822 964 2862 rex
994 2811 1082 2861 est
1109 2801 1177 2860 isi
1205 2801 1421 2859 descen

769 2898 870 2957 dat
900 2914 1054 2955 nunc
1085 2896 1159 2953 de
1188 2912 1359 2953 cruce

770 3002 829 3051 et
856 2989 1144 3050 credimus
1173 2987 1248 3045 illi
1271 3018 1285 3034 ·

770 3086 815 3118 ⁴³
839 3082 1095 3144 Confidit
1122 3083 1182 3140 in
1211 3082 1290 3140 do
1318 3080 1357 3138 li

770 3180 932 3238 beret
960 3195 1115 3235 nunc
1142 3193 1278 3234 eum

771 3273 821 3332 si
850 3271 973 3330 uult
1001 3288 1137 3329 eum
1161 3301 1174 3316 ·
1221 3267 1365 3327 dixit

770 3367 929 3426 enim
958 3365 1093 3442 quia
1123 3363 1270 3422 filius

771 3461 831 3520 di
859 3478 990 3518 sum
1013 3490 1026 3505 ·
1053 3490 1067 3504 ·
1105 3458 1151 3489 ⁴⁴
1167 3457 1238 3515 Id
1268 3457 1449 3533 ipsu-

772 3564 970 3613 autem
997 3563 1053 3611 et
1081 3552 1334 3610 latrones

770 3648 874 3724 qui
901 3656 1066 3706 erant
1095 3662 1230 3704 cum
1257 3663 1329 3704 eo

770 3742 1225 3819 inproperabant
1254 3738 1307 3797 ei
1334 3769 1344 3783 ·
1372 3769 1385 3783 ·

770 3837 877 3894 ωΑ
897 3845 1059 3893 sexta
1080 3843 1274 3892 autern
1293 3832 1436 3892 hora
1455 3862 1470 3877 ·

769 3930 1003 3990 tenebre
1031 3928 1218 3986 factae
1247 3938 1383 3986 sunt

772 4041 945 4100 super
971 4024 1289 4080 uniuersa-

770 4127 983 4177 terram
1002 4148 1015 4163 ·
1060 4134 1279 4192 usquae

774 4211 848 4269 ad
879 4211 1087 4269 horam
1116 4220 1324 4268 nona·-
1345 4239 1360 4255 ·

771 4306 815 4338 ⁴⁶
833 4303 1005 4363 Circa
1023 4312 1216 4361 autern
1241 4313 1447 4363 nona-

770 4398 978 4457 horam
1007 4396 1278 4457 clamauit
1304 4395 1393 4456 ihs
1424 4427 1437 4442 ·

2073 314 2330 388 SCDU·

1518 518 1669 561 uoce
1696 517 1916 576 magna
1944 497 2005 557 di

1519 612 1662 654 cens
1682 625 1696 640 ·
1741 593 1856 652 heli
1879 624 1892 639 ·
1938 591 2051 650 heli
2073 622 2088 638 ·

1516 688 1656 746 lima
1684 686 1966 746 sibactani
1986 717 2000 732 ·

1519 781 1656 842 Hoc
1680 791 1769 840 est
1790 780 1860 838 ds
1882 780 1951 839 ds
1980 796 2145 838 meus
2164 808 2179 824 ·

1517 886 1581 934 ut
1609 874 1751 952 quid
1780 892 1875 931 me
1905 873 2042 932 dere

1516 967 1729 1045 liquisti
1748 999 1764 1015 ·
1821 966 2079 1040 ⁴⁷Quid}

1520 1073 1717 1121 autem
1744 1061 1856 1121 illic
1886 1072 2018 1121 stan

1520 1165 1606 1215 tes
1636 1156 1941 1215 dicebant·

1518 1250 1657 1327 quia
1684 1249 1896 1307 heliam
1923 1259 2099 1307 uocat

1517 1344 1623 1401 iste
1647 1374 1660 1389 ·
1724 1343 1769 1375 ¹⁸
1787 1353 1844 1400 et
1873 1342 2150 1400 continuo

1517 1437 1833 1496 adcurrens
1860 1453 2012 1495 unus

1518 1549 1591 1589 ex
1619 1530 1703 1588 eis
1773 1539 2020 1605 accepta

1519 1624 1770 1701 spungia
1799 1622 1975 1699 imple

1517 1719 1601 1775 uit
1629 1728 1797 1775 aceto
1820 1748 1833 1762 ·
1879 1725 1937 1773 et
1964 1716 2107 1791 inpo

1519 1812 1629 1869 suit
1657 1808 1965 1868 harundini

1516 1915 1575 1963 et
1602 1904 1777 1964 dabat
1804 1905 1857 1962 ei
1887 1904 2083 1961 bibere
2106 1933 2119 1948 ·

1518 1999 1563 2032 ⁴⁹
1583 1998 1776 2057 Ceteri
1804 2015 1945 2055 uero
1973 1995 2138 2054 dixse

1517 2102 1684 2151 runt·
1729 2092 1854 2151 sine
1883 2089 2017 2149 uide

1517 2204 1684 2246 amus
1713 2187 1758 2245 si
1786 2186 1948 2244 uenit

1516 2280 1695 2338 helias
1724 2290 1781 2338 et
1809 2279 1987 2337 libera

1515 2373 1598 2431 uit
1624 2390 1759 2431 eum
1783 2403 1798 2418 ·
1856 2371 1900 2404 ⁶⁰
1917 2371 2020 2430 Ihs
2047 2376 2178 2430 aute

1517 2506 1725 2564 iterum
1755 2503 2020 2562 clamans

1517 2616 1665 2657 uoce
1696 2615 1913 2673 magna
1941 2596 2057 2655 emi

1520 2692 1592 2751 sit
1621 2697 1753 2767 spm
1779 2722 1792 2737 ·
1857 2691 1899 2724 ⁵¹
1919 2689 1995 2748 Et
2023 2706 2163 2749 ecce

1521 2786 1718 2844 uelum
1746 2784 1948 2861 templi
1978 2784 2092 2843 scis

1522 2897 1654 2938 sum
1682 2890 1768 2938 est
1797 2881 1857 2937 in
1886 2878 2112 2937 duabus

1523 2983 1716 3050 partes
1736 3005 1749 3019 ·
1803 2991 1838 3030 a
1870 2989 2102 3030 summo

1522 3086 1705 3144 usque
1734 3066 2008 3126 deorsum
2031 3096 2045 3112 ·

1522 3159 1601 3219 Et
1628 3171 1779 3219 terra
1808 3169 1969 3218 mota
1997 3168 2085 3218 est
2107 3190 2121 3206 ·

1525 3265 1583 3314 et
1611 3265 1806 3330 petrae
1837 3253 1970 3310 fisse
2005 3262 2138 3311 sunt
2161 3283 2174 3298 ·

1525 3345 1570 3380 δ’
1586 3357 1643 3406 et
1672 3357 2057 3404 monumenta

1525 3451 1724 3517 aperta
1754 3448 1888 3498 sunt
1910 3470 1924 3484 ·

1524 3532 1601 3592 Et
1634 3533 1813 3593 multa
1843 3549 2091 3609 corpora

1525 3635 1759 3687 scorum
1788 3627 2056 3685 dormien

1523 3722 1669 3781 tium
1697 3739 1959 3780 resurrex

1523 3838 1691 3888 erunt
1715 3857 1728 3872 ·
1772 3827 1816 3859 ⁶³
1838 3826 1913 3884 Et
1940 3843 2130 3885 exeun

1522 3932 1611 3982 tes
1640 3922 1712 3981 de
1745 3939 2068 3979 monumen

1523 4016 1595 4074 tis
1619 4047 1633 4061 ·
1677 4026 1811 4093 post
1841 4031 2096 4073 resurrec

1522 4110 1742 4169 tionem
1772 4109 1949 4184 ipsius
1970 4138 1984 4152 ·
2028 4108 2089 4164 in

1522 4205 1801 4261 troierunt
1829 4202 1890 4258 in
1919 4207 2081 4258 scam

1523 4297 1817 4356 ciuitatem
1843 4325 1856 4340 ·
1901 4304 1958 4352 et
1987 4311 2140 4369 appa

1524 4398 1759 4448 ruerunt
1787 4387 1980 4446 multis
2003 4419 2016 4433 ·
2039 4420 2124 4431 —

2294 495 2373 530 *⁶⁴
2391 495 2668 556 Centurio
2698 506 2893 555 autem
2914 529 2926 542 ·

2295 588 2385 650 *et
2413 592 2512 667 qui
2542 609 2677 649 cum
2706 608 2779 649 eo

2295 683 2494 745 *erant
2523 685 2749 744 custodi

2295 779 2491 840 *entes
2519 780 2643 838 ihm
2666 812 2680 826 ·
2723 781 2784 838 ui

2293 874 2395 933 *su
2421 885 2569 933 terre
2599 884 2764 931 motu

2327 978 2385 1027 et
2413 967 2502 1025 his
2530 985 2678 1045 quae
2708 966 2925 1025 fiebant
2945 996 2959 1013 ·

2327 1063 2640 1120 timuerunt
2665 1060 2762 1118 ual

2329 1156 2402 1214 de
2478 1154 2735 1213 dicentes
2756 1185 2769 1199 ·
2792 1171 2865 1213 ue

2330 1268 2390 1308 re
2419 1249 2480 1308 di
2509 1248 2655 1305 filius
2682 1257 2803 1305 erat

2329 1343 2434 1404 iste
2458 1374 2471 1388 ·
2498 1374 2512 1389 ·
2558 1342 2603 1374 ⁸⁶
2619 1341 2805 1399 Erant

2327 1447 2520 1495 autem
2549 1437 2626 1494 ibi
2655 1435 2827 1494 mulie

2326 1550 2416 1592 res
2445 1530 2622 1589 multe
2652 1549 2687 1587 a
2717 1530 2818 1587 lon

2326 1645 2398 1702 ge
2427 1624 2688 1684 uidentes
2712 1655 2726 1670 ·

2325 1738 2475 1797 quae
2504 1728 2735 1778 secutae
2762 1736 2796 1775 e

2324 1824 2456 1872 rant
2483 1813 2604 1871 ihm
2634 1832 2669 1871 a
2696 1812 2814 1889 gali

2323 1909 2414 1968 lea
2443 1908 2742 1966 ministr-an

2324 2014 2412 2061 tes
2439 2004 2491 2061 ei
2515 2033 2529 2049 ·
2594 2001 2638 2034 ⁶⁶
2657 2002 2800 2059 inter
2828 2009 2966 2077 quas

2323 2106 2446 2155 erat
2473 2095 2655 2153 maria
2682 2112 2822 2170 mag

2325 2191 2534 2250 dalena
2556 2222 2570 2236 ·
2614 2201 2671 2248 et
2699 2188 2881 2246 maria

2325 2285 2513 2344 iacobi
2538 2315 2551 2330 ·
2596 2294 2652 2341 et
2680 2280 2884 2357 ioseph

2325 2519 2501 2567 mater
2532 2520 2588 2567 et
2619 2516 2806 2566 mater

2326 2603 2569 2662 filiorum
2598 2600 2862 2659 zebedei·

2325 2699 2369 2732 ⁶⁷
2388 2697 2539 2756 Cum
2569 2714 2699 2755 sero
2728 2706 2925 2753 autern

2328 2792 2544 2850 sactum
2572 2800 2722 2848 esset
2747 2820 2807 2836 ·-

2327 2888 2486 2944 uenit
2513 2885 2751 2960 quidam
2780 2881 2860 2942 ho

2329 2999 2430 3040 mo
2459 2980 2621 3038 diues
2649 2979 2725 3036 ab
2755 2979 2889 3035 ari-

2329 3076 2506 3133 matia
2533 3073 2771 3131 nomine

2332 3169 2533 3245 ioseph
2554 3199 2568 3213 ·
2612 3168 2709 3243 qui
2739 3176 2797 3226 et

2330 3264 2455 3339 ipse
2484 3260 2797 3338 discipulus

2330 3366 2453 3416 erat
2480 3356 2612 3413 ihu·
2672 3353 2852 3411 ”Hic

2332 3451 2573 3509 accessit
2599 3448 2675 3506 ad
2703 3448 2934 3526 pilatu-

2330 3555 2387 3603 et
2414 3545 2554 3620 petit
2583 3560 2795 3619 corpus
2824 3541 2920 3598 ihu
2940 3572 2954 3588 ·

2332 3639 2505 3698 Tunc
2534 3637 2742 3713 pilatus
2771 3636 2858 3693 ius

2331 3734 2401 3791 sit
2428 3732 2593 3790 reddi
2622 3749 2837 3808 corpus
2857 3761 2871 3776 ·

2329 3827 2374 3860 ⁶⁹
2392 3827 2468 3885 Et
2496 3835 2741 3900 accepto
2770 3839 3015 3899 corpore

2329 3921 2534 3997 ioseph
2604 3919 2846 3977 inuoluit

2330 4014 2468 4073 illud
2498 4015 2557 4072 in
2589 4013 2833 4070 sindone

2330 4108 2552 4167 mundo
2578 4139 2592 4153 ·
2657 4106 2702 4139 ⁶⁰
2719 4117 2774 4165 et
2804 4105 2997 4181 posuit

2330 4220 2466 4261 eum
2492 4203 2552 4259 in
2580 4218 2899 4260 monumen

2330 4308 2392 4359 to
2420 4315 2528 4357 suo
2558 4313 2717 4355 nouo
2746 4295 2909 4372 quod

3320 332 3562 397 [xxvu.
3591 333 3786 398 38—66.

3081 498 3296 556 excidit
3324 498 3383 555 in
3411 508 3573 575 petra
3597 529 3610 544 ·

3081 601 3139 650 et
3167 591 3424 650 aduoluit
3452 592 3571 668 lapi

3080 685 3214 743 dem
3245 703 3530 762 magnum
3559 686 3637 744 ad

3080 780 3293 838 ostium
3322 798 3644 839 monumen

3081 873 3122 932 ti
3149 884 3207 932 et
3236 874 3373 932 abiit
3397 905 3411 919 ·
3472 874 3513 906 ⁶¹
3531 884 3653 932 erat

3082 977 3275 1026 autem
3304 968 3380 1025 ibi
3410 967 3592 1025 maria

3081 1059 3431 1137 magdalena
3455 1092 3468 1107 ·
3513 1071 3569 1120 et
3598 1060 3653 1118 al

3080 1165 3201 1212 tera
3230 1156 3411 1213 maria
3441 1172 3503 1213 se

3081 1248 3284 1307 dentes
3313 1260 3517 1308 contra

3081 1342 3450 1423 sepulchrum
3474 1374 3487 1389 ·

3081 1438 3123 1470 ⁸²
3142 1437 3338 1495 Altera
3368 1448 3561 1496 autem
3592 1436 3684 1495 die

3080 1549 3229 1607 quae
3258 1540 3344 1588 est
3371 1539 3508 1607 post
3532 1549 3611 1606 pa

3076 1642 3314 1683 rasceue
3335 1655 3349 1669 ·
3396 1622 3602 1682 Conue

3079 1729 3288 1776 nerunt
3315 1717 3599 1794 principes

3077 1812 3440 1871 sacerdotum
3467 1842 3481 1857 ·
3528 1822 3586 1870 et

3077 1906 3264 1965 farisei
3293 1906 3368 1963 ad
3398 1905 3582 1982 pilati-1

3076 2000 3118 2033 ⁶³
3136 1999 3394 2058 dicentes
3418 2030 3431 2044 ·
3477 1999 3638 2058 dorni

3076 2112 3150 2152 ne
3178 2094 3547 2152 rememorati

3076 2205 3274 2247 sumus
3302 2187 3461 2262 quod
3487 2185 3579 2245 ille

3079 2283 3349 2341 seductor
3377 2281 3522 2341 dixit

3079 2510 3271 2568 adhuc
3301 2509 3505 2568 uiuens
3530 2541 3542 2554 ·
3572 2539 3587 2554 ·

3079 2614 3212 2680 post
3239 2603 3467 2662 tertium
3497 2601 3639 2661 die·-

3079 2715 3412 2773 resurgam·
3476 2697 3673 2755 “iube

3080 2810 3221 2867 ergo
3250 2791 3536 2850 custodire

3082 2885 3450 2961 sepulchrum
3476 2902 3546 2941 us

3082 2998 3232 3056 quae
3259 2980 3318 3036 in
3348 2979 3503 3038 diem
3534 2988 3619 3037 ter

3082 3075 3226 3132 tium
3250 3104 3263 3119 ·
3308 3092 3381 3131 ne
3409 3072 3558 3132 forte

3081 3169 3319 3227 ueniant
3348 3167 3571 3242 discipu

3081 3261 3120 3319 li
3148 3262 3269 3319 eius
3338 3272 3396 3319 et
3423 3260 3586 3318 suren

3082 3366 3172 3414 tur
3200 3373 3333 3412 eum
3361 3364 3421 3412 et
3448 3353 3645 3412 dicant

3082 3449 3234 3526 plebi
3264 3447 3505 3505 surrexit

3083 3561 3118 3600 a
3146 3542 3385 3601 mortuis
3409 3573 3423 3587 ·
3467 3550 3524 3599 et
3549 3558 3583 3599 e

3082 3637 3154 3694 rit
3183 3636 3531 3695 nouissimus

3081 3748 3240 3789 error
3267 3731 3430 3806 peior
3459 3729 3546 3806 pri

3080 3825 3165 3883 ori
3190 3855 3203 3869 ·
3231 3856 3244 3870 ·
3309 3824 3353 3856 ⁶⁶
3371 3824 3472 3881 Ait
3501 3823 3607 3881 illis
3636 3822 3695 3900 pi

3078 3917 3227 3975 latus
3256 3917 3478 3975 habetis
3507 3934 3612 3974 cus

3080 4012 3246 4070 todes
3275 4011 3347 4069 ite
3378 4008 3603 4069 custodi

3079 4116 3136 4164 te
3167 4106 3316 4163 sicut
3344 4105 3497 4162 scitis
3521 4122 3535 4136 ·

3080 4199 3230 4258 “Illi
3259 4211 3453 4257 autern
3483 4207 3685 4257 euntes

3083 4294 3414 4354 munierunt
3443 4292 3606 4368 sepul

3813 497 3936 544 1¹01.
3952 497 4044 547 79.
