4414 4917
495 511 618 559 1¹01.
635 510 761 560 203.

806 355 892 413 42

808 508 832 543 ⁷
849 507 967 567 Hic
994 507 1158 565 uenit
1185 506 1246 564 in
1273 506 1406 565 testi

808 601 1073 661 monium
1100 600 1159 657 ut
1187 600 1315 659 testi

807 695 1072 754 monium
1101 689 1330 770 perhibe

806 800 894 848 ret
922 789 996 847 de
1022 788 1239 846 lumine
1264 813 1277 827 ·

805 894 869 942 ut
895 900 1102 943 omnes
1131 880 1303 940 crede

804 987 933 1035 rent
960 995 1065 1053 per
1092 976 1253 1033 illum
1277 1006 1292 1020 ·

803 1070 825 1103 ⁸
845 1068 986 1130 Non
1015 1080 1133 1128 erat
1156 1069 1250 1128 ille
1276 1070 1468 1130 lumen
1488 1104 1501 1118 ·

803 1162 908 1221 sed
935 1172 999 1221 ut
1026 1164 1321 1223 testimoni

801 1273 903 1313 um
932 1255 1150 1315 diceret
1179 1257 1252 1316 de
1281 1257 1341 1315 lu

801 1350 961 1407 mine
981 1380 995 1395 ·
1059 1351 1081 1384 ⁹
1101 1349 1246 1411 Erat
1275 1352 1333 1409 lu

802 1460 942 1501 men
969 1461 1171 1502 uerum

802 1536 966 1612 quod
995 1536 1299 1597 inluminat

801 1647 1042 1689 omnem
1072 1631 1364 1691 homine-

800 1724 1132 1783 uenientem
1160 1726 1221 1783 in
1248 1725 1397 1784 hunc

799 1817 1084 1876 mundum
1108 1849 1121 1864 ·
1187 1818 1231 1851 ¹⁰
1250 1819 1322 1878 In
1350 1820 1453 1879 hoc

800 1911 1023 1969 mundo
1053 1922 1175 1970 erat
1258 1925 1315 1972 et

799 2006 1053 2063 mundus
1081 2024 1185 2082 per
1212 2025 1346 2065 eum

798 2097 982 2157 factus
1009 2110 1098 2158 est
1120 2127 1133 2139 ·
1199 2111 1256 2159 et
1283 2119 1424 2159 mun

798 2191 908 2250 dus
937 2210 1071 2251 eum
1099 2211 1222 2251 non
1251 2213 1368 2270 cog

797 2286 997 2346 nouit·
1062 2285 1198 2346 u111
1225 2306 1328 2348 sua
1358 2308 1430 2348 ue

796 2519 882 2577 nit
957 2529 1014 2577 et
1042 2521 1130 2578 sui
1157 2537 1292 2579 eum

795 2629 919 2670 non
947 2614 1277 2690 reciperunt
1301 2641 1312 2654 ·

794 2702 839 2737 ¹²
854 2704 975 2777 Qui
1003 2719 1200 2766 autem
1228 2709 1425 2785 recipe

792 2809 927 2858 runt
954 2818 1089 2858 eum
1156 2800 1314 2860 dedit

793 2892 903 2951 illis
932 2904 1281 2969 potestatem

792 2985 943 3044 filios
972 2986 1029 3044 di
1060 2987 1178 3045 fieri
1204 3019 1217 3033 ·

791 3078 909 3139 His
937 3081 1036 3156 qui
1063 3082 1305 3140 credunt

790 3173 853 3231 in
882 3175 1119 3234 nomine
1148 3176 1271 3234 eius
1295 3207 1308 3222 ·

790 3266 834 3300 ¹⁸
853 3266 974 3340 Qui
1001 3287 1125 3328 non
1154 3288 1228 3329 ex
1258 3272 1463 3346 sangui

791 3380 868 3421 ne
889 3393 904 3408 ·
969 3381 1157 3440 neque
1186 3383 1258 3423 ex
1287 3381 1365 3423 uo

787 3456 1002 3516 luntate
1033 3458 1222 3516 carnis
1248 3490 1261 3504 ·

787 3568 977 3628 neque
1007 3570 1080 3610 ex
1110 3551 1350 3610 uolunta

787 3653 843 3703 te
873 3646 982 3702 uiri
1006 3676 1020 3691 ·
1066 3646 1170 3704 sed
1198 3665 1270 3704 ex
1301 3646 1379 3704 ὁὸ

788 3738 910 3796 nati
940 3750 1073 3797 sunt
1092 3769 1106 3783 ·
1170 3737 1213 3771 ¹⁴
1233 3750 1289 3798 et
1315 3758 1420 3799 uer

784 3831 929 3889 bum
956 3850 1096 3891 caro
1123 3830 1326 3891 factu-

784 3935 875 3984 est
902 3937 960 3985 et
987 3925 1267 3985 habitabit

786 4020 848 4078 in
877 4020 1050 4078 nobis
1119 4031 1175 4078 et
1204 4020 1324 4078 uidi

787 4131 919 4172 mus
948 4114 1192 4188 gloriam
1219 4115 1343 4173 eius
1367 4148 1378 4161 ·

786 4207 1051 4268 Gloriam
1080 4218 1379 4284 tamquam

785 4301 945 4360 unici
972 4320 1007 4360 a
1033 4312 1198 4378 patre

2173 334 2413 398 SECD
2438 365 2453 381 ·

1559 505 1798 582 plenum
1826 507 2045 583 gratiae

1560 601 1883 660 etueritatis
1903 632 1916 646 ·
1946 600 2036 662 †¹⁶
2054 599 2235 659 iohan

1559 711 1666 752 nes
1702 694 2095 752 testimonium

1558 786 1699 845 dicit
1728 787 1799 845 de
1830 787 1930 845 illo
2002 797 2058 844 et
2089 786 2182 845 cla

1472 945 1483 952 ,
1558 890 1678 938 mat
1706 880 1908 939 dicens
1931 912 1945 926 ·
2002 879 2097 938 hic

1558 984 1645 1033 est
1672 993 1849 1050 quem
1878 974 1996 1032 dixi
2022 1005 2035 1020 ·
2097 975 2196 1051 qui

1556 1080 1693 1146 post
1721 1088 1816 1127 me
1844 1069 2004 1127 uenit
2031 1087 2109 1128 an

1556 1172 1614 1222 te
1642 1182 1738 1222 me
1768 1163 1951 1222 factus
1979 1173 2067 1222 est
2090 1194 2103 1209 ·

1555 1257 1711 1330 Quia
1739 1259 1894 1334 prior
1922 1277 2018 1316 me
2046 1257 2152 1317 fuit
2171 1286 2183 1299 ·

1552 1350 1596 1384 ¹⁶
1613 1358 1756 1429 qilm
1785 1352 1858 1411 de
1886 1352 2165 1429 plenitudi

1554 1464 1628 1505 ne
1657 1447 1780 1505 eius
1810 1464 1918 1505 nos
1944 1464 2154 1507 omnes

1552 1541 1888 1616 accepimus
1960 1551 2016 1599 et
2044 1560 2150 1618 gra

1550 1635 1692 1693 tiam
1722 1654 1830 1710 pro
1856 1636 2043 1711 gratia
2064 1667 2077 1681 ·

1552 1728 1595 1761 ¹⁷
1605 1732 1747 1803 qiim
1765 1728 1860 1786 lex
1870 1747 1973 1804 per
1991 1746 2237 1804 moysen

1550 1822 1685 1879 data
1713 1832 1800 1880 est
1823 1852 1837 1866 ·
1904 1822 2108 1880 Gratia

1549 1927 1742 1973 autem
1772 1925 1828 1972 et
1854 1916 2069 1975 ueritas

1547 2028 1653 2086 per
1669 2009 1789 2065 ihm
1808 2013 1950 2083 xpm
1971 2009 2087 2067 fata
2108 2020 2219 2069 est·
2232 2044 2244 2055 ·

1550 2104 1590 2137 ¹⁸
1609 2102 1729 2160 Dm
1758 2120 1933 2160 nemo
1961 2103 2104 2161 uidit
2124 2121 2226 2160 um

1550 2215 1726 2273 quam
1746 2227 1760 2242 ·
1825 2197 2156 2273 unigenitus

1549 2290 1698 2349 filius
1726 2290 1787 2349 di
1814 2291 1913 2367 qui
1941 2301 2027 2349 est

1549 2523 1609 2581 in
1639 2523 1771 2581 sinu
1798 2523 1978 2598 patris
2008 2523 2133 2599 ipse

1546 2616 1834 2675 enarrauit
1854 2647 1867 2661 ·
1933 2615 2043 2675 ²⁹et
2073 2615 2186 2675 hoc

1546 2720 1634 2768 est
1658 2710 2057 2792 testimonium

1546 2802 1815 2862 iohannis
1840 2834 1853 2848 ·
1912 2802 2065 2862 Cum

1544 2897 1840 2956 misissent
1871 2896 2022 2954 iudei

1446 3031 1453 3038 -
1545 3009 1619 3048 ex
1648 2989 1989 3050 hierusalem
2022 3009 2086 3048 sa

1545 3084 1810 3143 cerdotes
1839 3096 1896 3142 et
1924 3084 2038 3142 leui

1544 3187 1631 3236 tas
1660 3178 1733 3237 ad
1763 3195 1896 3237 eum
1965 3189 2027 3235 ut
2056 3178 2117 3234 in

1542 3282 1900 3346 terrogarent
1929 3281 2054 3328 eu-

1541 3375 1602 3423 tu
1630 3365 1760 3439 quis
1788 3382 1852 3423 es
1878 3395 1891 3410 ·
1935 3362 1979 3396 ²⁰
1996 3363 2073 3422 Et
2101 3380 2218 3422 con

1541 3457 1725 3516 fessus
1755 3469 1841 3517 est
1869 3468 1926 3516 et
1955 3474 2079 3516 non

1541 3551 1777 3627 negauit
1801 3583 1814 3596 ·
1879 3550 1955 3609 Et
1984 3568 2100 3609 con

1539 3644 1725 3704 fessus
1754 3654 1842 3703 est
1870 3644 2138 3721 quonia-

1539 3757 1655 3813 ego
1684 3756 1806 3796 non
1836 3756 1964 3796 sum
1993 3742 2105 3812 xps
2126 3769 2139 3783 ·

1470 3821 1481 3831 ’
1536 3829 1578 3863 ¹¹
1597 3831 1672 3889 Et
1706 3832 2201 3907 interrogauerunt

1538 3943 1672 3983 eum
1755 3924 1895 4001 quid
1923 3942 2065 3999 ergo
2087 3954 2101 3968 ·

1536 4019 1691 4077 helia
1717 4036 1781 4077 es
1810 4031 1871 4078 tu
1954 4028 2011 4077 et
2040 4017 2184 4077 dixit

1538 4131 1661 4172 non
1691 4130 1821 4170 sum
1843 4143 1857 4158 ·
1922 4111 2087 4188 profe

1540 4218 1598 4265 ta
1627 4224 1690 4264 es
1719 4216 1779 4263 tu
1863 4216 1918 4263 et
1948 4222 2163 4281 respon

1541 4300 1625 4359 dit
1652 4317 1775 4359 non
1794 4329 1808 4345 ·
1867 4296 1910 4329 ²²
1929 4299 2197 4358 dixerunt

3567 343 3632 408 [1.
3661 345 3820 409 7-36.

3115 503 3192 564 ad
3221 523 3284 563 se
3315 514 3371 564 et
3401 504 3548 563 dixit
3575 536 3591 552 ·

3115 596 3273 658 Eece
3296 616 3484 675 agnus
3505 599 3566 657 di
3586 599 3686 675 qui
3708 597 3790 658 tol

3114 693 3177 751 lit
3205 701 3475 768 pecctum
3504 694 3714 753 mundi
3734 725 3747 740 ·

3115 786 3161 818 ³⁰
3178 786 3298 845 Hic
3327 797 3415 845 est
3443 786 3517 845 de
3545 805 3664 863 quo
3695 788 3814 847 dixi

3116 889 3251 956 post
3278 898 3375 939 me
3401 882 3564 940 uenit
3592 882 3680 939 uir

3117 975 3215 1049 qui
3244 984 3377 1033 ante
3400 992 3495 1032 me
3524 974 3707 1033 factus

3116 1077 3204 1126 est
3286 1069 3423 1145 quia
3452 1069 3610 1143 prior
3636 1087 3732 1127 me

3113 1160 3218 1218 fuit
3241 1192 3256 1207 ·
3322 1161 3362 1193 ³¹
3380 1172 3438 1220 et
3465 1179 3578 1238 ego
3607 1164 3767 1222 nesci

3112 1255 3286 1313 ebam
3313 1255 3475 1312 illum
3495 1287 3509 1301 ·
3577 1255 3692 1315 Sed

3112 1360 3173 1406 ut
3200 1347 3659 1408 manifestaretur

3113 1443 3173 1499 in
3203 1442 3273 1500 isi
3295 1473 3310 1488 ·
3372 1442 3518 1501 Ideo
3545 1444 3682 1502 ueni

3111 1554 3226 1612 ego
3257 1537 3315 1594 in
3344 1554 3497 1612 aqua
3523 1538 3713 1597 batiza

3109 1648 3170 1687 re
3191 1661 3204 1675 ·
3265 1626 3310 1661 ⁸²
3328 1661 3341 1676 ·
3361 1629 3441 1687 Et
3469 1640 3707 1690 testatus

3110 1733 3198 1782 est
3226 1723 3511 1782 iohannes
3541 1723 3743 1785 dicens
3766 1757 3781 1772 ·

3111 1823 3252 1894 qum
3280 1817 3400 1875 uidi
3430 1822 3561 1892 spm
3597 1818 3702 1878 des

3111 1910 3462 1968 cendentem
3491 1913 3656 1988 quasi
3685 1929 3757 1973 co

3111 2003 3370 2062 lumbam
3398 2003 3473 2062 de
3501 2005 3630 2065 celo
3649 2036 3662 2051 ·

3111 2108 3167 2155 et
3196 2108 3532 2156 manentem
3561 2117 3734 2175 supra

3110 2190 3302 2267 ipsum
3326 2222 3339 2237 ·
3383 2190 3428 2224 ³⁸
3445 2201 3504 2250 et
3531 2210 3644 2267 ego
3674 2193 3813 2268 igno

3107 2296 3346 2345 lectionem
3366 2311 3461 2360 que
3483 2296 3692 2345 debeant
3718 2297 3815 2361 legi

3109 2376 3197 2425 per
3230 2362 3298 2409 vii
3332 2362 3628 2411 domenecas
3664 2362 3812 2412 lectio

3108 2427 3270 2491 prima
3294 2426 3564 2479 domeneea

3107 2521 3307 2579 rabam
3337 2521 3498 2578 illum
3522 2553 3535 2567 ·
3617 2520 3732 2580 Sed

3104 2612 3195 2672 his
3223 2615 3322 2690 qui
3352 2633 3446 2672 me
3473 2615 3631 2674 misit

3104 2709 3400 2784 baptizare
3429 2710 3491 2767 in
3521 2727 3675 2786 aqua

3103 2801 3196 2861 ille
3225 2802 3368 2860 mihi
3403 2802 3578 2861 dixit·
3644 2802 3724 2863 Su

3104 2912 3209 2971 per
3238 2914 3414 2972 quem
3444 2896 3658 2956 uideris

3102 2993 3235 3063 spm
3266 2989 3712 3049 descendente-

3102 3092 3159 3140 et
3187 3094 3525 3142 manentem
3555 3084 3616 3142 in
3650 3096 3773 3143 eu·-

3101 3176 3227 3251 ipse
3256 3187 3345 3235 est
3373 3177 3472 3253 qui
3502 3178 3661 3254 bapti

3101 3279 3193 3327 zat
3223 3270 3281 3326 in
3311 3275 3421 3346 spu
3449 3278 3552 3330 sco
3572 3303 3587 3318 ·
3653 3271 3790 3331 ”Et

3100 3381 3215 3439 ego
3243 3364 3361 3422 uidi
3391 3375 3447 3423 et
3475 3366 3606 3423 testi

3100 3458 3364 3516 monium
3394 3459 3659 3536 perhibui

3097 3555 3240 3626 qfim
3273 3551 3366 3610 hic
3396 3563 3485 3610 est
3512 3552 3639 3630 ipse

2365 526 2508 584 ergo
2537 508 2591 566 ei
2676 507 2800 583 qui*
2826 524 2923 565 es·

2362 610 2426 658 ut
2453 618 2803 678 responsum

2366 695 2573 754 demus
2602 693 2692 752 his
2721 693 2820 770 qui

2365 807 2476 847 nos
2507 790 2788 847 miserunt
2808 818 2821 833 ·

2365 880 2506 960 quid
2535 881 2679 940 dicis
2708 881 2781 940 de
2808 891 2865 939 te

2365 976 2495 1053 ipso
2521 1003 2534 1016 ·
2593 973 2638 1007 ’Β
2655 975 2735 1034 ait
2761 991 2873 1050 ego

2361 1088 2482 1129 uox
2513 1069 2819 1128 clamantis

2363 1165 2424 1221 in
2453 1165 2683 1222 deserto
2770 1179 2912 1239 para

2361 1268 2419 1317 te
2446 1258 2602 1315 uiam
2632 1256 2733 1314 dni
2758 1286 2772 1301 ·
2834 1254 2882 1313 si

2360 1362 2455 1410 cut
2484 1351 2627 1409 dixit
2656 1349 2844 1408 esaias

2358 1444 2583 1522 profeta
2606 1476 2620 1490 ·
2683 1442 2727 1475 ²⁴
2747 1444 2820 1501 Et
2849 1443 2950 1520 qui

2359 1540 2522 1598 missi
2549 1548 2713 1597 erant
2741 1557 2814 1596 ex

2358 1632 2641 1710 phariseis
2662 1663 2676 1678 ·
2751 1629 2795 1663 ⁹⁶
2816 1631 2887 1689 In

2359 1735 2799 1802 terrogauerunt

2360 1838 2495 1878 eum
2525 1820 2785 1878 dicentes
2804 1850 2818 1865 ·

2362 1914 2520 1987 Quid
2549 1932 2690 1989 ergo
2719 1924 2780 1972 tu
2806 1915 2923 1989 bap

2360 2011 2502 2069 tizas
2583 2008 2632 2066 si
2659 2018 2722 2066 tu
2751 2025 2872 2066 non

2358 2122 2423 2163 es
2453 2107 2596 2177 xps·
2642 2119 2866 2176 nequae

2351 2196 2533 2255 helias
2550 2227 2563 2240 ·
2630 2212 2855 2271 nequae

2353 2289 2576 2368 profeta
2599 2319 2612 2333 ·

2352 2521 2395 2556 ²⁶
2414 2520 2744 2600 Respondit
2773 2521 2883 2579 illis

2353 2615 2640 2675 iohannes
2669 2615 2872 2673 dicens
2896 2645 2909 2659 ·

2352 2710 2484 2786 Ego
2513 2709 2750 2786 quidem
2777 2709 3011 2784 baptizo

2350 2822 2460 2863 uos
2488 2805 2549 2860 in
2578 2820 2731 2879 aqua
2757 2802 2818 2859 in
2848 2802 2985 2877 peni

2351 2898 2531 2956 tentia
2554 2929 2567 2942 ·
2629 2898 2688 2954 in
2719 2896 2916 2954 medio

2350 3003 2544 3051 autem
2573 3002 2829 3049 uestrum

2350 3094 2462 3144 stat
2531 3102 2707 3160 quem
2735 3101 2845 3142 uos

2349 3179 2582 3238 nescitis
2603 3209 2616 3222 ·
2676 3174 2719 3208 ¹⁷
2739 3176 2874 3253 Ipse
2903 3186 2991 3235 est

2348 3273 2446 3349 qui
2477 3283 2609 3348 post
2637 3289 2732 3328 me
2759 3271 2918 3328 uenit
2938 3301 2952 3315 ·

2348 3366 2446 3442 qui
2476 3376 2608 3424 ante
2637 3383 2732 3422 me
2762 3362 2947 3422 factus

2345 3469 2432 3517 est
2452 3490 2466 3504 ·
2528 3456 2707 3517 Cuius
2738 3474 2859 3516 non
2890 3462 2957 3515 εὖ

2345 3551 2555 3627 dignus
2586 3552 2810 3611 soluere

2345 3646 2592 3721 corrigia
2621 3644 2943 3705 calciamen
3098 3643 3248 3703 filius
3279 3645 3338 3703 di
3363 3677 3376 3691 ·
3402 3671 3484 3698 ω

2343 3749 2534 3798 torum
2563 3740 2686 3798 eius
2706 3771 2719 3785 ·
2745 3771 2758 3785 ·
2780 3772 2862 3782 —
3071 3737 3146 3768 *³⁶
3165 3737 3403 3798 Postera
3431 3749 3624 3798 autem
3653 3739 3748 3799 die

2341 3830 2555 3892 ”Haec
2574 3834 2634 3891 in
2653 3833 2928 3893 bethania
2950 3833 3041 3893 fac
3069 3829 3306 3890 *iterum
3335 3833 3523 3892 stabat

2341 3937 2401 3986 ta
2431 3939 2563 3986 sunt
2590 3938 2746 3985 trans
2777 3928 2864 3985 ior
3067 3922 3384 3983 *iohannes
3405 3957 3420 3971 ·
3482 3937 3539 3985 et
3567 3945 3640 3986 ex

2343 4021 2535 4080 danen
2605 4021 2704 4078 ubi
2732 4031 2854 4079 erat
3068 4017 3398 4096 *discipulis
3425 4021 3546 4080 eius
3576 4020 3694 4080 duo

2341 4114 2624 4173 iohannes
2652 4115 2954 4189 baptizans
3093 4112 3137 4145 ⁸⁶
3156 4123 3213 4171 et
3240 4113 3470 4173 intuens
3499 4115 3620 4172 ihm

2339 4205 2382 4240 ²⁹
2402 4207 2641 4267 Postera
2670 4218 2862 4266 autem
2892 4208 2986 4266 die

2338 4301 2483 4361 uidit
2511 4302 2632 4360 ihm
2660 4302 2994 4361 ueniente--

3094 4207 3491 4265 ambulantem
3514 4239 3529 4254 ·
3590 4208 3737 4268 dixit

3093 4320 3233 4361 ecce
3262 4319 3450 4379 agnus
3477 4301 3535 4360 di

3871 505 3996 553 1⁸01.
4012 504 4144 553 804.
