4414 4917
1208 442 1346 493 xv1.
1372 440 1587 505 16—20.]
2033 436 2338 497 MARC›
2379 469 2392 484 ·

826 656 835 663 ,
910 609 1036 658 1⁸01.
1054 610 1181 658 202.
1209 600 1252 635 ¹⁶
1267 602 1344 662 Et
1372 605 1474 682 qui
1504 604 1811 664 crediderit
1973 608 2001 640 *
2024 610 2177 670 Finit
2205 610 2347 670 liber
2376 611 2461 671 sci

1206 706 1265 756 et
1292 698 1619 775 baptizatus
1647 699 1746 757 sue
1972 702 2001 734 '⁸‘
2026 704 2316 782 euangelii
2335 736 2349 751 ·
2395 704 2489 766 dic

1206 790 1279 849 rit
1339 792 1538 854 saluus
1566 794 1671 853 erit
1970 796 1999 828 '⁸‘
2025 808 2083 857 ta
2110 799 2301 877 adque
2329 800 2484 859 sacta.

1208 882 1330 957 Qui
1356 904 1497 946 uero
1527 906 1648 947 non
1678 888 1834 947 credi
1969 889 1997 921 '⁸‘
2024 891 2123 951 dni
2153 894 2237 952 nti

1207 976 1351 1038 derit
1379 980 1750 1040 damnabitur
1773 1014 1786 1028 ·
1968 984 1996 1016 *
2021 986 2101 1045 ihi
2130 987 2233 1063 xpi
2292 1005 2464 1047 amen

1209 1072 1251 1105 ¹⁷
1275 1068 1459 1150 Signa'
1486 1084 1681 1134 autem
1709 1075 1856 1136 haec
2154 1133 2236 1161 Φ
2318 1134 2399 1161 0
2480 1136 2564 1163 Φ
2712 1002 2718 1141 i

1207 1166 1578 1228 credentibus
1606 1172 1718 1229 sub
2713 1188 2718 1379 ι

1619 1265 1631 1277 .
2019 1224 2141 1298 Qui
2166 1225 2312 1304 legis

1206 1272 1518 1336 sequentur
1536 1295 1549 1310 ·
1615 1283 1675 1323 in
1703 1284 1784 1325 no
1962 1311 1990 1343 ,⁸
2016 1318 2272 1397 intellige

1963 1411 1991 1443 *
2019 1414 2160 1491 quia
2187 1415 2287 1473 dfii
2318 1427 2454 1475 sunt

1961 1504 2172 1567 *uerba
2201 1509 2309 1569 ista
2339 1517 2442 1569 sca

2018 1602 2098 1661 Et
2126 1621 2233 1662 ora
2261 1621 2371 1682 pro
2403 1606 2682 1682 scriptore

1963 1693 1991 1725 '⁸‘
2018 1697 2099 1756 sic
2128 1716 2354 1757 mereas
2383 1718 2606 1761 corona

1960 1788 1989 1821 ²⁸¹
2015 1809 2052 1850 a.
2078 1792 2368 1852 saluatore
2389 1825 2404 1840 ·

1961 1882 1990 1915 *
2013 1895 2071 1944 et
2099 1886 2281 1945 uitam
2309 1906 2448 1947 cum
2476 1890 2591 1949 scis

1960 1976 1989 2009 *
2013 1980 2138 2040 eius
2168 1980 2420 2041 cultores
2440 2015 2453 2028 ·

2012 2073 2089 2132 Et
2116 2073 2374 2151 legentes
2403 2094 2635 2136 memen

2014 2177 2132 2227 tote
2161 2170 2278 2228 mei
2304 2171 2594 2247 peccatori

1206 1355 1363 1414 mine
1391 1374 1526 1416 meo
1557 1356 1732 1417 demo

1207 1448 1304 1507 nia
1329 1449 1537 1511 eicient
1555 1483 1568 1497 ·
1599 1461 1657 1511 et
1685 1452 1763 1511 lin

1203 1543 1334 1618 guis
1360 1542 1675 1620 loquentur

1205 1637 1375 1695 nouis
1400 1669 1414 1683 ·
1459 1637 1503 1671 ¹⁸
1521 1651 1822 1717 serpentes

1203 1730 1403 1789 tollent
1460 1742 1519 1791 et
1548 1734 1595 1792 si
1623 1753 1753 1794 mor

1204 1823 1433 1883 tiferum
1493 1826 1636 1903 quid
1664 1829 1724 1887 bi

1204 1917 1392 1976 berint
1419 1937 1540 1979 non
1569 1920 1677 1980 illis

1204 2012 1436 2071 nocebit
1459 2045 1472 2060 ·
1537 2032 1714 2092 supra

1201 2124 1376 2181 egros
1405 2125 1617 2167 manus
1645 2110 1704 2168 in

1203 2210 1428 2276 ponent
1483 2212 1540 2261 et
1570 2204 1716 2263 bene

1203 2293 1457 2353 abebunt
1477 2327 1490 2342 ·
1534 2294 1578 2329 ¹⁹
1595 2297 1672 2356 Et
1695 2297 1805 2358 dfis
2139 2328 2220 2352 „es
2301 2329 2382 2356 ω
2465 2330 2546 2358 ses

1203 2427 1440 2507 quidem
1469 2427 1558 2488 ihs
1578 2440 1714 2506 post
2015 2434 2152 2511 quia
2178 2435 2361 2494 tribus

1202 2540 1382 2598 quam
1409 2523 1637 2585 locutus
1664 2535 1753 2585 est
2012 2528 2205 2604 digitis
2233 2531 2406 2589 scribi

1202 2616 1308 2675 illis
1337 2628 1604 2695 receptus
1631 2628 1718 2678 est
2012 2630 2105 2680 tur
2134 2654 2147 2669 ·
2182 2654 2196 2668 ·
2231 2655 2244 2669 ·
2276 2650 2357 2677 ω

1202 2709 1262 2768 in
1291 2711 1465 2770 caelis
1488 2744 1502 2759 ·
1562 2722 1621 2771 et
1648 2713 1796 2773 sedit
1823 2714 1900 2774 ad
1954 2712 1983 2745 ²⁸¹
2007 2726 2065 2776 et
2086 2725 2244 2775 totus
2697 2719 2702 2782 ἰ

1201 2803 1499 2865 dexteram
1527 2806 1586 2865 di
1604 2839 1617 2853 ·
1660 2803 1706 2840 ¹⁰
1723 2808 1801 2866 illi
1952 2807 1980 2839 *
2006 2812 2303 2870 membrus
2697 2785 2702 2846 ¹

1200 2908 1396 2957 autem
1423 2900 1665 2977 profecti
1948 2900 1977 2933 ²⁸⁸
2003 2903 2257 2963 laborat·
2697 2857 2703 3152 ι

2695 3341 2702 3702 ι

2693 3799 2699 3844 ⁴

2694 3904 2697 3934 1

1201 2993 1647 3070 predicauerunt
1672 2997 1774 3055 ubi
1950 2994 1978 3026 *
2005 2996 2170 3057 labor
2198 3000 2299 3075 qui

1200 3105 1314 3163 que
1338 3120 1353 3135 ·
1399 3089 1520 3149 dfio
1547 3089 1860 3152 adiuuante
1949 3088 1978 3121 ²⁸⁸
2005 3089 2141 3150 dem
2168 3093 2329 3153 modi

1199 3181 1278 3239 Et
1304 3183 1549 3242 uerbum
1577 3185 1762 3245 confir
1952 3184 1980 3215 *
2008 3204 2148 3245 cum
2178 3219 2192 3234 ·
2218 3219 2232 3234 ·
2266 3219 2280 3234 ·
2341 3208 2447 3266 gra

1201 3285 1395 3335 mante
1424 3295 1598 3353 prose
1953 3277 1982 3310 ²⁸⁸
2007 3282 2087 3341 tia
2108 3292 2305 3341 autem
2327 3301 2466 3361 mag

1199 3371 1510 3447 quentibus
1527 3372 1707 3449 signis
1729 3406 1897 3422 ·····
1949 3373 1978 3406 ²⁸⁸
2001 3392 2080 3433 na
2099 3394 2135 3435 a
2161 3378 2403 3437 creatori
2435 3410 2448 3424 ·
2482 3411 2495 3424 ·

2008 3485 2125 3545 pax
2151 3470 2478 3548 legentibus

1324 3529 1777 3560 ‘ww

1185 3576 1197 3590 ·
1905 3568 1917 3582 ·
2008 3582 2126 3640 pax
2156 3566 2525 3627 audientibus

1185 3656 1197 3671 ·
1275 3633 1831 3697 EVANGELIVM
1904 3650 1916 3664 ·
2008 3674 2123 3734 pax
2151 3668 2210 3718 et
2237 3661 2445 3721 caritas

1320 3764 1780 3830 SECUNDUM
2011 3763 2069 3810 et
2097 3754 2381 3830 gaudium
2409 3755 2549 3832 spiri

1905 3898 1917 3911 .
2010 3847 2092 3904 tui
2121 3854 2224 3906 sco
2294 3851 2586 3909 utentibus
2694 3847 2698 3868 ⁸

1365 3896 1739 3961 MARCVM
1905 3983 1917 3995 .
2007 3941 2067 3999 in
2097 3947 2219 4018 xpo
2323 3961 2495 4003 amen
2524 3971 2606 3996 ω
2695 3967 2696 3974 “

1312 4039 1666 4091 ΕΞΠΛῙΚΗΤ
1702 4045 1790 4092 ΦΕ
1904 4066 1915 4079 ·
2691 4051 2697 4395 ¹

1183 4147 1916 4245 [mmmm-Amen]
2090 4163 2170 4187 ⁴*
2253 4165 2334 4193 ‘⁵
2416 4166 2495 4192 ‘⁵

1348 4315 2497 4363 mmm‘mmm

3487 458 3605 526 137
