4414 4917
903 2364 964 2398 10

907 3005 965 3054 ¹5

905 3649 966 3683 20

908 4295 965 4342 25

1976 502 2502 561 FRAGMENTA

1438 750 1654 814 Tertii
1695 748 2139 829 quaternionis
2166 745 2419 826 folium
2449 749 2752 829 primum
2797 744 3055 831 (uerso).

1947 955 2088 1020 Fol.
2124 973 2195 1038 71
2227 977 2268 1020 a
2312 953 2552 1041 (nlla).

1411 1326 1482 1369 se
1525 1325 1658 1368 non
1704 1305 2035 1369 refrenans
2082 1304 2124 1367 li

1415 1435 1530 1498 sed
1578 1433 1899 1497 seducens
1944 1452 2057 1495 cor
2101 1451 2295 1495 suum

1413 1574 1514 1627 est
1562 1562 1794 1645 religio
1839 1560 2144 1643 ²⁷religio
2192 1560 2441 1624 munda
2486 1569 2551 1624 et
2600 1561 2688 1623 im

1420 1690 1749 1770 maculata
1794 1690 1970 1771 apud
2019 1690 2134 1751 ἀῶ
2179 1700 2248 1753 et
2295 1700 2551 1773 patrem

1290 1820 1475 1883 Haec
1523 1827 1623 1883 est
1744 1818 2012 1881 uisitare
2059 1816 2348 1901 pupillos
2395 1826 2462 1881 et
2509 1818 2668 1882 uidu

1413 1970 1486 2013 as
1533 1950 1597 2010 in
1647 1947 2068 2011 tribulatione
2113 1967 2341 2011 eorum
2390 1947 2478 2008 im

1417 2076 1819 2142 maculatum
1868 2096 1937 2139 se
1986 2077 2320 2140 custodire
2365 2076 2451 2138 ab
2496 2075 2623 2138 hoc

1417 2205 1679 2270 saeculo
1728 2192 1771 2251 ·'
1878 2204 2194 2269 ¹Fratres
2243 2205 2370 2267 mei
2419 2204 2623 2269 nolite

1413 2337 1475 2398 in
1523 2354 1951 2417 personarum
2000 2335 2388 2415 acceptione
2434 2334 2606 2397 habe

1421 2485 1487 2526 re
1534 2462 1732 2526 fidem
1779 2463 1894 2526 (1ῆί
2464 2463 2712 2544 gloriae

1987 2589 2047 2640 (²)
2075 2592 2137 2654 in
2188 2602 2587 2655 conuentum
2639 2613 2752 2654 nes

1418 2731 1588 2784 trum
1639 2721 1739 2784 uir
1783 2741 2053 2784 aureum
2103 2718 2417 2783 annulum
2464 2719 2714 2783 habens

1423 2851 1489 2913 in
1536 2859 1721 2914 ueste
1768 2850 2050 2914 candida
2099 2883 2112 2896 ·
2162 2849 2482 2914 introierit
2528 2860 2749 2913 autem
2794 2858 2862 2911 et

1426 2999 1676 3062 pauper
1723 2978 1787 3040 in
1836 2978 2107 3042 sordido
2154 2977 2385 3042 habitu
2434 2977 2549 3040 ³et
2596 2978 2774 3041 inten

1426 3108 1564 3171 dite
1611 3109 1676 3171 in
1724 3127 1873 3171 eum
1922 3108 2033 3190 qui
2082 3108 2349 3172 indutus
2395 3117 2495 3171 est
2542 3117 2728 3171 ueste

1423 3234 1756 3317 praeclara
1803 3232 1895 3318 (et
1941 3237 1998 3298 ei
2045 3231 2374 3316 dixeritis)
2418 3246 2491 3299 tu
2540 3236 2697 3299 sede

1426 3363 1530 3428 hic
1579 3364 1746 3427 bene
1793 3364 2064 3445 pauperi
2111 3372 2333 3427 autem
2382 3363 2620 3427 dicatis
2667 3373 2737 3426 tu

1425 3502 1530 3556 sta
1578 3491 1706 3555 illic
1753 3502 1868 3557 aut
1915 3494 2072 3557 sede
2118 3492 2244 3556 sub
2289 3493 2634 3556 scabillum
2680 3496 2855 3577 pedu]

1423 3629 1580 3684 eon-1
1630 3620 1892 3684 4nonne
1941 3621 2242 3686 iudicatis
2285 3622 2462 3702 apud
2511 3642 2630 3682 uos

1425 3759 1560 3813 met
1609 3750 1788 3833 ipsos
1834 3761 1899 3812 et
1947 3751 2099 3814 facti
2147 3751 2301 3815 estis

1425 3898 1533 3941 ces

1295 4005 1599 4071 ⁵Audite
1647 4006 1878 4071 fratres
2488 4008 2575 4069 mi
2626 4028 2756 4071 non

2483 4157 2517 4200 c
2565 4156 2721 4199 mun

2143 4265 2418 4328 heredes
2469 4266 2646 4346 regni

3078 1068 3205 1133 Iac.
3241 1068 3280 1132 i.
3315 1066 3504 1132 26-ii.
3536 1080 3595 1150 5.

1415 1175 1469 1215 ²⁶
1486 1177 1538 1241 si
1584 1176 1732 1259 quis
1777 1186 2000 1240 autem
2050 1183 2242 1257 putat
2288 1196 2357 1239 se
2401 1173 2810 1260 (religiosum
2857 1170 2958 1260 es)
