4414 4917
792 328 881 392 44

791 628 913 686 lum
944 629 1017 690 de
1047 631 1315 691 resticula
1337 663 1352 678 ·

788 732 849 782 et
876 742 1086 784 omnes
1115 726 1284 786 eiecit

789 816 864 876 de
891 819 1113 895 templo
1134 851 1148 866 ·
1208 838 1353 880 oues

787 920 846 969 et
873 911 1059 972 boues
1086 914 1321 973 uenden

785 1014 873 1065 tes
896 1038 911 1052 ·
971 1016 1030 1065 et
1057 1026 1301 1066 nummu

781 1097 1057 1159 lariorum
1084 1099 1286 1161 effudit

781 1195 1061 1270 pecunias
1085 1226 1099 1241 ·
1164 1206 1222 1255 et
1251 1215 1388 1256 euer

781 1287 850 1345 tit
877 1305 1110 1348 mensas
1138 1297 1279 1349 eon-1
1309 1322 1322 1337 ·

781 1379 826 1413 ¹⁶
835 1381 909 1440 Et
929 1382 1015 1441 eis
1038 1384 1137 1459 qui
1165 1384 1467 1444 columbas

782 1475 1119 1534 uendebant
1139 1508 1153 1523 ·
1218 1478 1363 1537 dixit

783 1568 1003 1627 Tollite
1033 1568 1143 1629 hec
1172 1571 1310 1631 hinc
1330 1602 1344 1618 ·

781 1672 841 1721 et
871 1664 1051 1722 nolite
1081 1664 1268 1725 facere

780 1756 1027 1815 domum
1053 1759 1233 1834 patris
1298 1828 1307 1841 ³

777 1851 894 1908 mei
924 1851 1168 1910 domum
1196 1871 1272 1912 ne

777 1943 1118 2019 gotiationis
1142 1978 1156 1993 ·
1224 1946 1268 1979 ¹⁷
1282 1946 1358 2007 Et

777 2041 1222 2098 commemorati
1254 2051 1388 2100 sunt

774 2130 1044 2209 discipuli
1072 2134 1194 2193 eius

776 2231 919 2300 qum
948 2227 1228 2302 scriptum
1257 2239 1345 2287 est

775 2318 950 2379 Zelus
977 2320 1190 2381 domus
1219 2331 1350 2381 tuae

2072 309 2548 383 SECUNDffi

472 541 743 598 1⁸01.20⁷.
790 533 835 567 ¹⁸
851 534 930 594 Et
954 534 1092 595 fecit
1127 537 1286 615 quasi
1323 536 1500 615 flagel
1551 536 1954 599 Rememorati
1981 550 2115 599 sunt

1550 632 1818 710 discipuli
1846 635 1969 693 eius
1989 666 2003 680 ·
2050 641 2194 711 qssm

1545 725 1660 786 hoc
1689 727 1919 787 dicebat
1938 759 1952 774 ·
2016 738 2075 787 et
2104 746 2199 788 cre

1544 819 1813 881 diderunt
1841 823 2055 881 scribtu

1542 932 1640 973 rae
1670 925 1726 974 et
1753 916 1937 975 uerbo
1966 914 2116 991 qu⁰d

1540 1007 1764 1067 dixerat
1792 1009 1914 1067 ihs·
1975 1008 2187 1069 ”Cum

1540 1110 1735 1161 autem
1764 1113 1917 1163 esset
1946 1104 2040 1162 hie

1537 1197 1848 1273 rosolymis
1917 1198 1978 1256 in
2007 1198 2100 1258 die

1541 1289 1690 1349 festo
1718 1310 1936 1368 pascae
1961 1323 1974 1338 ·
2040 1293 2161 1350 mul

1537 1384 1581 1441 ti
1609 1385 1983 1445 crediderunt
2011 1386 2072 1443 in

1539 1479 1778 1538 nomine
1807 1479 1930 1538 eius
1955 1510 1969 1526 ·
2028 1480 2089 1537 ui

1539 1571 1744 1631 dentes
1772 1573 1921 1631 illius
1950 1574 2039 1650 sig

1539 1683 1617 1724 na
1646 1684 1760 1743 que
1790 1666 2040 1726 faciebat
2062 1698 2077 1714 ·

1538 1852 1814 1913 credebat
1842 1872 1906 1913 se
1935 1854 2046 1914 illis
2069 1886 2084 1901 ·

1538 1966 1612 2007 eo
1641 1946 1802 2024 quod
1829 1966 2041 2007 omnes
2071 1966 2180 2008 nos

1535 2051 1624 2102 set
1642 2073 1657 2088 ·
1722 2041 1766 2075 ²⁶
1784 2051 1841 2101 et
1870 2049 2013 2118 qum
2042 2061 2166 2102 non

1534 2154 1774 2195 necesse
1804 2136 2057 2196 habebat

1530 2238 1595 2287 ut
1622 2229 1827 2307 aliquis
1856 2230 2088 2290 testimo

1530 2324 1693 2382 nium
1722 2324 2007 2400 periberet

774 2547 1505 2627 com⁰ditme··¹⁸Respon
1534 2551 1608 2611 de
1637 2551 1879 2611 homine
1905 2582 1918 2597 ·
1981 2551 2107 2628 ipse

775 2641 983 2703 derunt
1012 2661 1156 2720 ergo
1186 2643 1343 2702 iudei

773 2745 832 2793 et
861 2736 1128 2798 dixerunt
1157 2738 1211 2795 ei
1236 2768 1250 2783 ·

1530 2646 1689 2704 enim
1719 2646 1940 2704 sciebat
1969 2645 2110 2721 quid

1528 2748 1676 2798 essset
1705 2739 1766 2797 in
1794 2737 2034 2798 homine
2059 2769 2072 2784 ·
2092 2772 2174 2780 —

774 2827 958 2901 Quod
987 2831 1220 2905 signum
1248 2841 1420 2891 osten
1483 2838 1585 2893 *8.
1629 2832 1801 2891 ¹Erat
1827 2843 2020 2890 autem
2049 2832 2233 2890 homo

773 2923 879 2984 des
909 2925 1083 2982 nobis
1165 2930 1307 3000 qiim
1335 2926 1446 2985 hec
1481 2926 1599 2987 *ex
1630 2926 1889 2985 farisaeis
1911 2955 1927 2971 ·
1993 2925 2054 2982 ni

772 3015 917 3074 facis
942 3047 956 3061 ·
1014 3014 1058 3049 ¹⁹
1082 3016 1413 3093 Respondit
1482 3020 1813 3081 *eodemus
1842 3037 2065 3078 nomen

774 3109 863 3168 ihs
892 3119 951 3168 et
980 3110 1127 3169 dixit
1155 3111 1263 3170 illis
1282 3143 1296 3157 ·

775 3201 995 3262 Soluite
1025 3204 1310 3281 templum

769 3296 885 3356 hoc
913 3307 970 3355 et
999 3297 1060 3355 in
1091 3299 1268 3356 tribus
1296 3298 1355 3358 di

771 3392 915 3451 ebus
944 3392 1237 3451 suscitabo
1266 3392 1305 3449 il

773 3485 873 3546 lud
893 3517 907 3531 ·
968 3483 1311 3546 ”Dixerunt

769 3596 913 3654 ergo
943 3579 1097 3639 iudei
1125 3579 1347 3656 quadra

768 3673 934 3748 ginta
961 3684 1018 3730 et
1048 3692 1149 3731 sex
1180 3674 1353 3733 annis

768 3766 1137 3825 aedificatum
1165 3777 1253 3825 est
1281 3777 1400 3826 tem

766 3860 932 3937 plum
962 3860 1076 3920 hoc
1152 3870 1210 3920 et
1236 3861 1294 3919 in
1325 3862 1396 3919 tri

767 3954 887 4013 duo
914 3955 1222 4014 suscitabis
1252 3955 1389 4014 illud
1412 3987 1426 4004 ·

765 4045 809 4082 ²¹
830 4046 934 4106 Ille
962 4058 1156 4109 autem
1184 4048 1417 4108 dicebat

767 4140 841 4200 de
869 4142 1089 4218 templo
1118 4143 1381 4219 corporis

766 4235 855 4294 sui
876 4266 890 4281 ·
952 4232 1149 4294 ”cum
1178 4253 1319 4311 ergo
1350 4255 1413 4295 re

765 4328 1012 4387 surrexit
1038 4347 1073 4387 a
1101 4330 1343 4386 mortuis

1486 3116 1654 3174 *eius
1678 3146 1692 3161 ·
1753 3114 2029 3192 princeps

1484 3207 1872 3268 *iudaeorum
1898 3237 1912 3253 ·
1973 3203 1996 3236 ²
2013 3206 2107 3265 hic

1528 3303 1690 3362 uenit
1719 3301 1792 3360 ad
1822 3300 1983 3358 illum
2012 3317 2129 3359 noc

1527 3405 1623 3454 tu·
1672 3406 1731 3454 et
1759 3395 1903 3453 dixit
1931 3394 2047 3451 illi·
2099 3394 2203 3453 rab

1526 3489 1587 3547 bi
1611 3520 1625 3535 ·
1686 3489 1905 3548 scimus
1927 3492 2069 3562 qiim
2092 3506 2127 3547 a
2150 3489 2228 3547 do

1524 3583 1735 3641 uenisti
1762 3580 2038 3657 magister
2060 3611 2074 3626 ·

1526 3692 1704 3735 nemo
1734 3674 1891 3733 enim
1921 3673 2066 3732 haec
2097 3674 2187 3752 sig

1524 3787 1603 3827 na
1631 3768 1819 3828 facere
1847 3777 2043 3845 potest

1524 3881 1674 3939 quae
1702 3873 1764 3921 tu
1792 3862 1933 3920 sacis
2006 3861 2115 3920 nisi

1523 3957 1596 4014 sit
1625 3956 1693 4015 ds
1722 3974 1858 4014 cum
1886 3955 1986 4014 illo
2010 3986 2024 4001 ·

1522 4048 1543 4081 ⁸
1563 4049 1896 4126 Respondit
1924 4049 2012 4106 ihs
2041 4058 2099 4107 et

1521 4142 1666 4202 dixit
1694 4143 1773 4201 illi
1797 4174 1811 4188 ·
1874 4142 2070 4226 Arnen

1519 4254 1694 4296 amen
1722 4235 1857 4295 dico
1883 4236 1986 4294 tibi
2015 4237 2124 4295 nisi

1519 4330 1565 4388 si
1597 4332 1727 4407 quis
1753 4340 1985 4389 renatus
2014 4329 2107 4391 fue

1983 1761 1993 1774 ‚
2281 1715 2339 1764 In
2355 1730 2387 1764 u

1537 1756 1582 1791 '⁴
1600 1758 1736 1835 Ipse
1760 1769 1955 1818 autem
1979 1761 2093 1818 ὡς·
2117 1779 2239 1819 non
2280 1781 2365 1829 liis

2480 457 2633 507 lectio
2657 458 2822 523 prima
2843 455 2910 507 ad
2935 456 3122 507 Fontes

2471 541 2544 598 rit
2570 541 2766 600 denuo
2850 559 2974 600 non

2469 642 2665 711 potest
2691 634 2889 695 uidere

2469 746 2717 804 regnum
2747 729 2807 788 di
2830 759 2844 775 ·
2903 729 2924 761 ⁴
2943 727 3082 787 dicit

2469 821 2545 879 ad
2573 839 2709 879 eum
2739 822 3081 881 nicodemus

2468 914 2769 990 quomodo
2797 925 2990 991 potest

2466 1006 2650 1067 homo
2679 1009 2902 1067 renasci

2468 1118 2603 1160 cum
2633 1102 2707 1160 sit
2736 1120 2915 1161 senex
2938 1133 2953 1149 ·

2466 1196 2749 1271 numquid
2778 1205 2972 1273 potest

2463 1287 2649 1347 homo
2679 1289 2738 1346 in
2766 1299 2933 1348 utero

2465 1382 2666 1440 matris
2697 1400 2835 1441 suae
2864 1382 2939 1441 de

2466 1492 2586 1534 nuo
2614 1476 2847 1535 introire
2877 1487 2936 1536 et

2463 1570 2690 1628 renasci
2714 1601 2728 1615 ·
2788 1570 2953 1630 “Res

2446 1664 2705 1739 ,spondit
2733 1664 2824 1722 ihs

2389 1715 2656 1816 ig¹Amen
2686 1775 2860 1815 amen
2890 1757 3024 1818 dico
3054 1758 3097 1817 ti

2279 1861 2430 1911 pasce
2463 1850 2524 1908 bi
2544 1881 2557 1896 ·
2619 1850 2732 1909 nisi
2762 1852 2891 1927 quis
2922 1870 2984 1911 re

2464 1953 2636 2002 natus
2664 1942 2831 2003 fuerit
2858 1944 2934 2003 de

2462 2055 2613 2113 aqua
2642 2049 2700 2096 et
2729 2043 2838 2113 spu
2861 2070 2875 2085 ·
2937 2057 3061 2100 non

2460 2132 2671 2207 poterit
2697 2132 2934 2192 introire

2459 2226 2521 2282 in
2550 2244 2797 2302 regnum
2826 2226 2887 2285 di
2910 2258 2924 2274 ·

2459 2318 2480 2350 ⁶
2498 2318 2659 2395 quod
2687 2320 2844 2379 enim
2871 2331 3074 2380 natum

2459 2421 2547 2473 est
2573 2412 2649 2471 de
2677 2431 2853 2473 carne
2883 2433 2955 2474 ca

2457 2565 2523 2606 ro
2557 2557 2645 2606 est
2674 2555 2815 2624 qfim
2846 2547 2919 2607 de
2947 2567 3045 2608 car

2456 2658 2531 2698 ne
2562 2652 2767 2700 natum
2794 2653 2883 2701 est
2912 2653 2970 2702 et

2455 2734 2616 2809 quod
2644 2745 2845 2794 natum
2874 2744 2963 2795 est

2456 2828 2530 2887 de
2560 2833 2670 2903 spu
2701 2833 2804 2903 sps
2832 2840 2922 2889 est

2453 2921 2475 2954 ⁷
2494 2922 2806 2980 nemineris
2834 2924 2968 2999 quia

2454 3015 2575 3073 dixi
2602 3015 2703 3072 tibi
2734 3026 2966 3092 oportet

2452 3126 2562 3169 uos
2590 3108 2785 3167 denuo
2813 3128 2987 3170 renas

2639 3189 2774 3236 enim

2451 3240 2504 3299 ci
2525 3271 2539 3287 ·
2582 3241 2603 3272 ⁸
2623 3248 2722 3318 sps
2752 3242 2851 3301 ubi
2878 3244 3000 3301 uult

2452 3335 2632 3410 spirat
2659 3345 2717 3394 et
2743 3354 2960 3395 uocem

2449 3428 2598 3489 illius
2628 3430 2793 3489 audis
2817 3461 2830 3476 ·
2886 3430 2990 3489 sed

2449 3522 2641 3582 nescis
2668 3523 2826 3582 unde
2855 3525 3016 3583 uenit

2449 3625 2548 3674 aut
2575 3634 2695 3693 quo
2722 3616 2883 3675 uadit
2902 3648 2917 3663 ·

2450 3710 2545 3770 Sic
2574 3721 2631 3769 et
2658 3711 2853 3770 omnis
2882 3712 2981 3788 qui
3011 3731 3088 3772 na

2446 3813 2539 3863 tus
2566 3816 2656 3865 est
2686 3824 2758 3863 ex
2791 3811 2901 3881 spu
2922 3837 2936 3851 ·

2444 3898 2808 3975 ’Respondit
2836 3900 3051 3960 nicode

2444 4010 2576 4051 mus
2603 4001 2661 4051 et
2691 3992 2836 4051 dixit
2863 3994 2917 4052 ei

2444 4087 2749 4164 quomodo
2779 4099 3025 4164 possunt

2440 4178 2583 4239 haec
2615 4181 2739 4239 fieri
2762 4212 2775 4227 ·
2840 4180 2884 4214 ¹⁰
2901 4182 3025 4241 Res

2442 4275 2681 4351 spondit
2709 4275 2798 4335 ihs
2826 4285 2883 4334 et
2912 4276 3057 4335 dixit

2440 4369 2493 4428 ei
2517 4399 2531 4415 ·
2597 4367 2696 4428 Tu
2724 4388 2788 4428 es
2816 4369 3026 4430 doctor

2439 4463 2511 4522 isi
2539 4465 2575 4533 †
2594 4474 2651 4523 et
2678 4462 2787 4523 hec
2820 4465 3060 4541 ignoras

3383 330 3481 394 [11.
3510 335 3709 397 15-111.
3739 343 3819 396 17.

3225 538 3475 600 ¹¹Amen
3506 560 3681 600 amen
3710 541 3846 601 dico
3952 543 4077 592 1⁸01.
4094 542 4230 591 208·

3221 636 3326 693 tibi
3355 641 3497 713 qiim
3527 635 3690 711 quod

3221 730 3495 789 nouimus
3524 729 3685 805 loqui

3219 840 3350 881 mur
3371 853 3386 868 ·
3451 831 3509 881 et
3538 823 3699 899 quod
3726 823 3788 881 ui

3219 915 3411 975 dimus
3438 917 3681 976 testifica

3217 1026 3348 1067 mur
3444 1020 3500 1068 et
3529 1011 3761 1071 testimo

3220 1103 3383 1161 nium
3406 1114 3671 1163 nostrum

3219 1213 3342 1254 non
3370 1197 3631 1274 accipitis
3652 1229 3667 1243 ·
3730 1195 3847 1257 ¹²Si

3217 1291 3505 1351 terrestria
3533 1291 3652 1350 dixi

3216 1384 3387 1442 uobis
3417 1395 3476 1443 et
3505 1402 3626 1444 non
3655 1403 3754 1445 cre

3218 1476 3351 1535 ditis
3370 1508 3384 1522 ·
3451 1478 3757 1555 quomodo

3218 1569 3266 1627 si
3295 1570 3549 1629 celestea
3578 1571 3783 1631 dixero

3215 1663 3387 1722 uobis
3415 1664 3663 1724 credetis
3686 1696 3701 1710 ·

3216 1755 3345 1815 ¹⁸Et
3375 1776 3553 1816 nemo
3583 1758 3862 1818 ascendet

3216 1850 3279 1908 in
3296 1851 3470 1910 caelo
3555 1852 3667 1911 nisi
3696 1853 3796 1929 qui

3216 1943 3291 2003 de
3321 1945 3448 2003 celo
3479 1946 3779 2005 descendit

3214 2037 3366 2097 filius
3392 2039 3647 2098 hominis
3675 2041 3774 2116 qui

3214 2142 3303 2189 est
3333 2132 3394 2189 in
3424 2133 3588 2193 caelo
3618 2164 3633 2179 ·
3693 2133 3737 2166 ¹⁴
3759 2144 3816 2194 et
3838 2134 3889 2194 si

3214 2234 3310 2282 cut
3339 2243 3573 2302 moyses
3601 2227 3796 2287 exalta

3212 2320 3296 2376 uit
3323 2330 3656 2396 serpentem
3685 2321 3746 2379 in

3214 2543 3444 2605 deserto
3467 2578 3481 2592 ·
3544 2547 3627 2606 sic
3658 2548 3789 2608 exal

3211 2639 3318 2696 tari
3345 2650 3577 2717 oportet
3606 2641 3685 2699 fili

3210 2748 3312 2789 um
3340 2731 3595 2793 hominis
3612 2766 3627 2780 ·
3693 2735 3736 2769 ¹⁶
3754 2745 3815 2795 ut

3211 2826 3407 2885 omnis
3436 2828 3534 2904 qui
3565 2828 3744 2888 credit

3210 2920 3271 2977 in
3298 2938 3433 2978 eum
3463 2940 3585 2981 non
3613 2942 3751 3000 pere

3208 3022 3267 3071 at
3348 3015 3454 3073 sed
3481 3015 3693 3075 habeat
3721 3016 3781 3075 ui

3207 3117 3327 3166 tam
3355 3120 3653 3170 aeternam
3677 3142 3691 3157 ·

3206 3200 3250 3234 ¹⁶
3269 3201 3363 3262 Sic
3392 3205 3550 3261 enim
3581 3205 3777 3265 dilexit
3812 3207 3882 3267 ds

3189 3295 3362 3356 'hunc
3391 3298 3677 3357 mundum
3700 3331 3715 3347 ·

3203 3400 3267 3448 ut
3296 3391 3475 3449 filium
3504 3410 3674 3452 suum
3703 3413 3741 3454 u

3204 3483 3531 3560 nigenitum
3561 3487 3726 3547 daret

3204 3588 3265 3638 ut
3295 3579 3490 3638 omnis
3518 3581 3616 3657 qui
3648 3600 3745 3642 cre

3203 3673 3288 3733 dit
3319 3673 3379 3730 in
3407 3691 3544 3732 eum
3573 3693 3697 3734 non
3724 3695 3802 3753 pe

3201 3777 3325 3825 reat
3396 3767 3502 3826 sed
3529 3767 3743 3830 habeat

3199 3860 3379 3920 uitam
3409 3873 3706 3921 aeternam

3200 3952 3245 3986 ¹⁷
3260 3953 3402 4013 Non
3432 3956 3589 4013 enim
3619 3958 3776 4018 misit
3806 3959 3876 4020 ds

3197 4047 3378 4105 filium
3408 4067 3574 4108 suum
3605 4051 3664 4109 in

3196 4141 3351 4201 hunc
3380 4144 3665 4204 mundum

3197 4245 3259 4294 ut
3287 4236 3498 4296 iudicet
3525 4240 3748 4299 mundi!

3197 4330 3303 4392 sed
3330 4340 3392 4389 ut
3420 4332 3672 4394 saluetur
3699 4353 3841 4395 mun
