4414 4917
808 299 889 363 16

525 491 760 543 ποιεο,
805 473 1022 534 malam
1049 486 1107 536 et
1136 475 1261 535 fruc

803 579 927 628 tum
950 570 1074 629 eius
1103 571 1307 630 malu‘
1326 595 1343 611 ·

801 683 877 724 ex
906 663 1184 724 fructibus
1212 673 1311 725 eni

799 759 975 818 arbor
1003 760 1287 836 cognosci

798 862 892 911 tur
909 884 923 898 ·
966 850 1011 887 ³⁴
1028 854 1217 931 Proge

796 948 922 1007 nies
950 949 1218 1025 uiperaru

798 1044 1101 1118 quomodo
1130 1054 1301 1121 potes

798 1137 871 1194 tis
899 1139 1056 1197 bona
1082 1138 1245 1216 loqui
1268 1165 1282 1180 ·

800 1248 937 1289 cum
966 1231 1088 1291 sitis
1118 1234 1252 1291 mali
1275 1260 1288 1274 ·

797 1322 893 1383 Ex
921 1326 1274 1387 abundantia
1306 1347 1343 1388 e

800 1420 924 1478 nim
954 1419 1150 1478 cordis
1179 1439 1246 1480 os
1274 1421 1333 1481 lo

800 1512 993 1589 quitur
1010 1539 1024 1554 ·
1071 1513 1118 1547 ⁸⁸
1136 1513 1339 1574 Bonus

799 1605 981 1666 homo
1010 1608 1081 1666 de
1111 1607 1271 1668 bono

797 1699 1114 1760 thensauro

793 1794 1015 1870 profert
1043 1796 1200 1855 bona
1222 1823 1236 1837 ·

752 1926 759 1933 ,
793 1886 872 1945 Et
899 1889 1085 1947 malus
1112 1890 1294 1951 homo

794 1981 869 2041 de
898 1984 1056 2043 malo
1086 1984 1254 2044 thens

791 2094 938 2135 auro
967 2077 1182 2153 profert

792 2171 982 2230 mala·
1039 2171 1255 2233 ”Dico
1283 2192 1358 2233 au

788 2275 911 2323 tem
940 2265 1106 2325 uobis
1137 2298 1150 2313 ·
1209 2268 1372 2345 quod

791 2376 972 2419 omne
1006 2361 1252 2420 uerbum

791 2492 1045 2551 otiosum
1074 2494 1235 2570 quod
1265 2495 1398 2555 locu

748 2652 758 2661 ,
790 2585 832 2645 ti
861 2585 1073 2647 suerint
1101 2587 1369 2648 homines

791 2680 1036 2755 reddent
1064 2682 1187 2740 eius
1217 2684 1363 2743 ratio

790 2791 929 2832 nem
957 2775 1016 2833 in
1047 2775 1137 2834 die
1166 2776 1356 2835 iudicii
1376 2805 1391 2818 ·

789 2868 833 2900 ³⁷
853 2867 1268 2946 Unusquisque
1297 2872 1455 2931 enim

788 2962 982 3021 uerbis
1011 2963 1129 3021 suis
1157 2964 1329 3022 iustifi

789 3055 1014 3115 cabitur
1070 3066 1128 3115 et
1155 3076 1259 3116 uer

787 3149 877 3207 bis
906 3149 1023 3208 suis
1053 3152 1392 3212 condemna

787 3244 941 3302 bitur
959 3275 972 3289 ·
1013 3243 1057 3277 ⁸⁸
1074 3245 1246 3305 Tunc

786 3339 1214 3414 responderunt
1242 3340 1295 3399 ei

786 3432 1021 3508 quidam
1051 3432 1124 3492 de
1153 3434 1354 3493 scribis

786 3536 845 3586 et
872 3525 1126 3586 farisaeis
1154 3528 1329 3587 dicen

786 3631 875 3680 tes
893 3647 906 3661 ·
952 3622 1227 3698 magister

785 3716 1059 3775 uolumus
1088 3735 1123 3774 a
1149 3727 1205 3775 te
1235 3716 1406 3793 signii

783 3811 1018 3872 uidere·
1064 3811 1108 3844 ⁸⁹
1125 3810 1215 3870 ihs
1243 3815 1375 3870 aute

785 3905 1144 3982 respondens
1171 3906 1248 3964 ait
1282 3906 1321 3964 il

783 4000 852 4059 lis
874 4036 887 4050 ·
932 4000 1255 4060 Generatio

785 4095 938 4152 mala
966 4106 1021 4153 et
1051 4095 1311 4154 adultera

2093 305 2468 368 SECUND
2490 336 2506 354 ·

1562 475 1745 535 Ionae
1768 475 2026 552 profetae
2063 476 2109 510 ⁴⁰
2120 478 2166 536 si

1562 577 1660 627 cut
1687 571 1844 628 enim
1875 571 1980 630 suit
2006 572 2067 630 io

1562 680 1668 721 nas
1696 664 1758 722 in
1784 674 1989 724 uentre
2024 684 2130 726 coe

1559 756 1599 814 ti
1621 787 1634 801 ·
1679 757 1860 816 tribus
1894 759 2097 817 diebus

1558 861 1615 908 et
1645 851 1823 910 tribus
1852 854 2118 912 noctibus
2141 879 2156 895 ·

1560 943 1657 1003 Sic
1687 946 1792 1004 erit
1820 946 1968 1004 filius
1996 946 2157 1006 homi

1558 1038 1648 1095 nis
1677 1039 1737 1097 in
1766 1041 1942 1098 corde
1970 1049 2117 1099 terre

1556 1132 1735 1190 tribus
1763 1133 1963 1192 diebus
1991 1144 2050 1193 et

1556 1227 1738 1287 tribus
1765 1228 2033 1287 noctibus
2050 1256 2065 1269 ·

1553 1318 1597 1353 ⁴²
1611 1319 1734 1379 Uiri
1762 1323 2012 1382 nineuite
2041 1341 2139 1383 sur

1555 1426 1695 1491 gent
1722 1416 1783 1473 in
1810 1416 2022 1477 iudicio
2051 1423 2128 1477 cii

1553 1510 1929 1585 generatione
1952 1512 2061 1570 ista

1553 1613 1611 1661 et
1645 1604 2126 1664 condemnabunt

1551 1714 1717 1754 eam·
1765 1699 1899 1775 quia
1928 1700 2204 1773 paeniten

1548 1791 1688 1849 tiam
1717 1801 1961 1867 egerunt
2016 1793 2076 1849 in

1549 1885 1979 1960 praedicatione
2008 1886 2179 1945 ionae
2203 1913 2218 1928 ·

1551 1977 1627 2037 Et
1655 1996 1795 2038 ecce
1823 1980 1955 2056 plus
1984 1998 2160 2056 quam

1547 2073 1685 2132 iona
1712 2072 1807 2133 hic
1829 2100 1842 2114 ·
1890 2071 1935 2105 ⁴²
1952 2073 2184 2151 Regina

1548 2168 1720 2225 austri
1749 2177 1944 2245 surget
1972 2169 2033 2227 in

1548 2260 1759 2320 iudicio
1789 2280 1925 2320 cum
1954 2280 2105 2338 gene

1546 2357 1770 2415 ratione
1798 2357 1907 2416 ista
1926 2383 1938 2396 ·

1547 2501 1604 2550 et
1632 2489 2053 2549 condemnabit

1543 2603 1648 2644 ea·
1693 2585 1832 2660 quia
1860 2586 2020 2643 uenit

1544 2681 1620 2738 ab
1648 2678 1861 2737 ultimis
1890 2679 2040 2755 parti

1542 2774 1651 2832 bus
1680 2784 1863 2832 terrae
1934 2791 2008 2831 au

1542 2867 1663 2925 dire
1694 2867 2039 2944 sapientiam

1541 2962 1894 3021 solomonis·
1939 2971 1996 3019 et

1540 3074 1679 3114 ecce
1709 3055 1809 3131 plu
1838 3054 1933 3115 hic
1968 3065 2137 3132 qua-

1541 3149 1815 3209 solomon
1837 3177 1851 3189 ·

1542 3244 1585 3276 ⁴³
1605 3243 1758 3302 Cum
1787 3254 1985 3302 autem
2013 3242 2074 3301 in

1542 3338 1794 3397 mundus
1823 3343 1923 3412 sps
1951 3338 2045 3396 exi

1543 3433 1647 3490 erit
1675 3434 1751 3490 ab
1780 3432 2019 3490 homine
2044 3462 2058 3477 ·

1539 3526 1800 3584 ambulat
1829 3544 1932 3601 per
1960 3525 2018 3584 lo

1538 3638 1611 3678 ca
1639 3621 1799 3679 arida
1867 3636 2017 3696 quae

1537 3733 1671 3772 rens
1701 3714 1956 3790 requiem

1537 3820 1594 3867 et
1623 3827 1745 3866 non
1775 3807 1999 3866 inuenit
2020 3830 2032 3845 ·

1535 3905 1579 3936 ⁴⁴
1598 3903 1770 3962 Tunc
1801 3903 1939 3962 dicit
2019 3918 2184 3961 reuer

1534 4011 1620 4056 tar
1648 3999 1707 4055 in
1738 3998 1983 4056 domum

1535 4111 1728 4151 meam
1755 4091 1911 4149 unde
1940 4089 2035 4149 exi

2370 488 2492 537 tam
2575 488 2632 537 et
2659 490 2923 539 ornatam
2946 504 2968 521 ι

2366 571 2598 633 ⁴⁶Tunc
2624 573 2784 631 uadit
2811 583 2868 631 et
2896 572 2974 633 ad

2366 667 2541 726 sumit
2569 685 2769 726 secum
2798 667 2874 726 ali

2365 778 2435 819 os
2464 770 2623 836 septe
2653 766 2756 836 sps
2784 779 2860 820 ne

2364 853 2598 928 quiores
2627 873 2689 913 se
2714 888 2726 900 ·
2808 865 2867 914 et

2363 948 2642 1007 intrantes
2670 949 2767 1007 abi

2363 1050 2488 1099 tant
2515 1042 2577 1099 in
2605 1060 2677 1100 ea
2755 1052 2812 1100 et
2842 1042 2881 1100 fi

2364 1143 2470 1193 unt
2497 1136 2819 1194 nouissima

2365 1227 2616 1288 hominis
2644 1229 2793 1288 illius

2362 1322 2559 1399 peiora
2588 1324 2774 1400 magis

2363 1434 2538 1492 quam
2567 1417 2759 1493 priora
2782 1449 2797 1465 ·

2362 1510 2460 1570 Sic
2490 1512 2595 1570 erit
2622 1522 2680 1570 et
2707 1530 2921 1588 genera

2362 1606 2532 1665 tione.
2547 1605 2680 1664 huic
2710 1607 2865 1682 pessi

2360 1716 2493 1757 mae
2514 1725 2527 1739 ·
2572 1701 2614 1732 ⁴⁶
2626 1700 2797 1758 Adue
2828 1704 2962 1759 aute

2360 1810 2433 1851 eo
2462 1792 2734 1869 loquente
2763 1793 2839 1851 ad

2358 1887 2556 1945 turbas
2637 1887 2798 1946 Ecce

2357 1992 2542 2038 mater
2571 1992 2628 2039 et
2658 1981 2854 2039 fratres

2356 2075 2480 2133 eius
2508 2076 2734 2133 stabant
2763 2074 2824 2134 fo

2355 2168 2431 2225 ris
2460 2178 2766 2243 querentes

2354 2261 2511 2339 loqui
2541 2280 2676 2320 cum
2705 2281 2779 2322 eo

2352 2489 2397 2522 ⁴⁷
2411 2488 2571 2548 Dixit
2599 2500 2792 2548 autem
2823 2489 2873 2546 ei
2904 2491 3003 2566 qui

2352 2582 2521 2641 dam·
2565 2602 2705 2642 ecce
2736 2594 2919 2641 mater

2354 2688 2450 2735 tua
2479 2687 2536 2735 et
2564 2676 2764 2735 fratres
2793 2678 2869 2735 tui
2896 2709 2909 2724 ·

2352 2769 2486 2829 foris
2516 2781 2668 2829 stant
2740 2788 2853 2848 que

2351 2875 2541 2923 rentes
2570 2863 2723 2940 loqui
2754 2875 2807 2923 te

2353 2976 2520 3016 cum·
2566 2959 2609 2990 ⁴⁸
2625 2960 2703 3017 At
2730 2959 2853 3035 ipse
2882 2977 2975 3017 res

2351 3052 2617 3128 ponderis
2646 3052 2788 3112 dixit

2351 3145 2560 3205 dicenti
2591 3148 2695 3204 sibi
2719 3179 2732 3194 ·
2796 3165 2908 3224 que

2351 3252 2438 3298 est
2466 3251 2648 3299 mater
2677 3259 2808 3299 mea
2830 3268 2842 3280 ·

2351 3345 2449 3393 aut
2476 3336 2572 3411 qui
2604 3346 2736 3393 sunt
2767 3335 2855 3394 fra

2352 3440 2463 3487 tres
2493 3430 2635 3487 mei·
2681 3429 2725 3461 ⁴⁹
2741 3427 2818 3486 Et
2845 3447 2919 3488 ex

2349 3523 2595 3582 tendens
2622 3540 2865 3580 manum

2346 3617 2404 3674 in
2435 3616 2748 3693 discipulos
2778 3634 2914 3676 suos

2346 3710 2485 3768 dixit
2504 3743 2517 3756 ·
2582 3729 2720 3770 ecce
2751 3722 2934 3769 mater

2344 3822 2477 3862 mea
2504 3815 2560 3863 et
2589 3804 2788 3864 fratres

2343 3899 2457 3956 mei
2477 3926 2489 3938 ·
2536 3898 2582 3932 ⁸⁰
2596 3900 2902 3978 quicumq‘>

2341 3993 2496 4051 enim
2524 3993 2718 4052 fecerit
2745 4012 2823 4053 uo

2340 4087 2620 4146 luntatem
2647 4089 2824 4163 patris

3336 317 3480 383 [κη.
3499 324 3754 386 33-X111.
3778 322 3830 373 8.

3088 478 3217 540 ²⁸13.
3242 479 3338 539 ¹In
3366 481 3462 540 illa
3491 492 3685 542 autem
3713 483 3806 544 die
3853 498 3976 548 ποι.
4003 501 4091 551 31.

3087 570 3349 633 *exsiens
3374 574 3466 633 ihs
3494 576 3567 633 de
3596 576 3675 637 do

3084 667 3255 728 *mo·
3301 669 3538 729 sedebat
3567 689 3628 730 se

3083 761 3227 821 *cus
3255 781 3416 822 mare
3436 791 3450 806 ·
3495 762 3517 796 ²
3534 764 3610 824 Et
3637 784 3755 825 con

3082 855 3356 933 *gregate
3384 869 3517 917 sunt
3544 859 3619 918 ad

3081 950 3251 1009 *eum
3281 954 3481 1011 turbae
3510 953 3629 1011 mul

3118 1057 3242 1103 tae·
3283 1046 3361 1104 ita
3391 1057 3454 1105 ut
3480 1047 3541 1105 in
3571 1049 3706 1107 naui

3117 1140 3249 1199 cula
3277 1141 3601 1200 ascendens

3118 1233 3372 1292 sederet·
3417 1234 3494 1294 Et
3520 1255 3620 1295 om

3119 1329 3209 1386 nis
3236 1329 3403 1386 turba
3431 1330 3491 1387 in
3519 1329 3682 1390 litore

3117 1421 3303 1480 stabat
3323 1448 3336 1461 ·
3382 1421 3494 1481 ⁸Et
3522 1423 3654 1483 locu

3115 1525 3206 1573 tus
3234 1524 3323 1574 est
3350 1517 3430 1575 eis
3460 1517 3640 1576 multa

3115 1609 3175 1667 in
3203 1610 3493 1685 parabolis
3521 1611 3578 1668 di

3112 1720 3286 1762 cens·
3331 1701 3491 1762 Ecce
3517 1705 3653 1763 exiit

3113 1796 3426 1856 seminator
3455 1799 3597 1856 semi

3112 1908 3253 1948 nare
3273 1917 3285 1929 ·
3330 1891 3352 1922 ⁴
3370 1901 3425 1948 et
3454 1909 3590 1950 cum
3619 1909 3682 1951 se

3110 1986 3292 2042 minat
3369 1985 3658 2061 quaedam

3109 2078 3438 2137 ceciderunt
3465 2097 3632 2137 secus

3109 2173 3262 2229 uiam
3335 2183 3394 2231 et
3421 2184 3701 2232 uenerunt

3108 2265 3375 2324 uolucres
3403 2276 3459 2325 et
3489 2284 3658 2326 come

3108 2491 3315 2551 derunt
3342 2511 3411 2553 ea
3431 2523 3444 2540 ·
3489 2494 3645 2553 ⁶A1ia

3109 2598 3301 2645 autem
3331 2589 3665 2648 ceciderunt

3107 2681 3167 2739 in
3197 2693 3427 2757 petrosa
3505 2683 3603 2741 ubi

3108 2792 3228 2833 non
3260 2774 3508 2833 habebat
3537 2789 3621 2834 ter

3106 2886 3232 2926 ram
3262 2870 3539 2927 multam·
3586 2881 3643 2929 et

3107 2963 3386 3022 continuo
3412 2963 3594 3024 exhor

3106 3065 3165 3114 ta
3194 3067 3330 3115 sunt
3401 3059 3662 3135 quonia·-

3107 3168 3227 3208 non
3258 3150 3508 3210 habebat
3537 3152 3634 3210 alti

3105 3242 3361 3303 tudinem
3392 3255 3605 3304 terrae·

3104 3333 3127 3368 ⁶
3143 3336 3278 3396 Sole
3308 3350 3515 3419 autem.
3529 3339 3696 3400 horto

3103 3441 3508 3490 aestuauerunt
3527 3459 3539 3472 ·

3101 3523 3181 3583 Et
3206 3527 3339 3602 quia
3368 3545 3488 3586 non
3517 3528 3669 3587 habe

3099 3619 3244 3677 bant
3270 3619 3557 3679 radicem·
3603 3641 3640 3681 a

3097 3725 3334 3772 ruerunt
3355 3739 3367 3752 ·
3411 3714 3579 3774 'Alia

3097 3816 3293 3864 autem
3322 3809 3653 3872 ceciderunt

3094 3900 3154 3956 in
3183 3902 3363 3976 spinis
3452 3913 3508 3960 et
3537 3921 3632 3961 cre

3092 4005 3299 4052 uerunt
3328 3996 3530 4071 spinae

3088 4098 3146 4146 et
3167 4088 3608 4170 ⁸soffucauerunt

2341 4183 2453 4240 mei
2483 4183 2581 4259 qui
2609 4183 2667 4239 in
2698 4183 2871 4241 caelis
2899 4192 2986 4242 est
3091 4200 3162 4239 ea
3181 4209 3193 4222 ·
3241 4183 3408 4241 ⁸A1ia
3438 4198 3630 4243 autem

2338 4276 2460 4352 ipse
2490 4294 2652 4334 meus
2680 4276 2849 4335 frater
3015 4293 3022 4300 ·
3091 4277 3423 4338 ceciderunt
3450 4280 3509 4338 in
3538 4291 3736 4341 terra-

2339 4382 2395 4430 et
2413 4389 2574 4430 soror
2585 4381 2830 4431 etmater
2851 4381 2961 4432 est·
2975 4401 3041 4420 ·-

1531 4188 1622 4244 ui·
1667 4198 1725 4245 et
1752 4186 1991 4244 ueniens

1532 4280 1752 4339 inuenit
1779 4289 2087 4338 uacante'·

1529 4386 1587 4434 et
1617 4375 1810 4451 scopis
1838 4372 2058 4433 munda

780 4189 1014 4264 signum
1041 4189 1258 4264 querit·
1302 4188 1381 4248 Et

780 4282 1014 4357 signum
1045 4301 1168 4341 non
1196 4283 1329 4341 dabi

778 4386 870 4434 tur
898 4376 950 4434 ei
979 4376 1085 4435 nisi
1114 4376 1346 4453 signum
