4414 4917
621 374 731 425 xv,
750 374 995 437 23—xv1.
1020 370 1127 436 23.]
1881 361 2105 423 IOHA
2115 348 2352 425 NNE'·

3547 371 3633 455 65

2179 539 2281 610 sps
2309 533 2623 593 ueritatatis
2643 566 2658 583 ·
3630 549 3754 600 ποι.
3769 550 3882 599 240
3895 548 3963 600 B'.

304 532 441 584 1¹⁰1·
465 534 586 584 889-
625 535 748 596 odit
775 545 832 594 et
859 544 1081 613 patrem
1108 553 1204 594 me
1374 533 1495 593 dixi
1523 532 1693 594 uobis
1717 565 1730 580 ·
1774 533 1920 594 haec
2928 536 3284 614 interrogare
3307 569 3325 588 ·

622 647 724 688 um
751 629 875 689 odit
894 660 908 676 ·
953 627 997 662 ⁹⁴
1017 631 1065 687 si
1094 647 1274 706 opera

621 741 741 783 non
770 724 1035 784 fecissem
1066 725 1126 783 in
1155 724 1195 783 il

618 817 688 875 lis
715 837 829 895 que
859 837 1032 878 nemo
1062 820 1208 878 alius

620 910 753 971 fecit
820 923 1129 989 peceatum

620 1024 741 1065 non
769 1006 1048 1067 haberent
1068 1039 1085 1054 ·

622 1098 794 1159 Nunc
824 1112 1018 1160 autem
1046 1101 1293 1162 oderunt

621 1212 714 1253 me
742 1207 797 1254 et
825 1205 1037 1272 patrem
1065 1202 1200 1255 mest
1219 1228 1235 1244 ·

618 1287 665 1321 ¹⁸
682 1288 796 1348 Sed
824 1298 887 1348 ut
913 1290 1219 1367 impleatur

619 1381 861 1441 uerbum
887 1384 1048 1461 quod
1075 1385 1135 1443 in

623 1474 746 1553 lege
774 1476 1002 1536 illorum
1031 1475 1182 1555 scrip

622 1580 745 1628 tum
772 1581 861 1630 est
921 1578 1065 1650 qum
1095 1573 1212 1632 ode

622 1674 751 1723 runt
779 1683 875 1723 me
904 1666 1083 1740 gratis
1103 1696 1117 1712 ·

621 1753 664 1791 ²⁸
680 1758 833 1818 Cum
861 1769 1054 1819 autem
1082 1757 1303 1820 uenerit

623 1852 939 1912 aduocatus
966 1872 1141 1931 quem

621 1965 730 2024 ego
758 1948 987 2006 mittam
1014 1949 1184 2009 uobis

622 2046 753 2116 spm
781 2042 1035 2101 ueritatis
1059 2073 1075 2089 ·

621 2136 719 2211 qui
748 2153 783 2193 a
810 2146 971 2211 patre
998 2154 1180 2212 proce

621 2228 702 2287 dit
770 2229 862 2288 ille
889 2230 1131 2290 testifica

618 2322 764 2382 bitur
783 2323 855 2382 de
873 2341 968 2383 me
992 2355 1007 2371 ·
1049 2321 1093 2358 ²⁷
1110 2324 1188 2383 Et
1208 2342 1319 2386 uos

618 2455 1011 2515 testimonium
1038 2455 1140 2516 red

618 2547 762 2608 detis
789 2556 933 2626 qfim
961 2551 1037 2608 ab
1064 2550 1147 2608 ini

618 2643 698 2702 tio
727 2661 963 2703 mecum
990 2644 1172 2703 fuistis

616 2741 706 2796 16.
726 2736 745 2770 ¹
757 2737 1167 2798 Haeclocutus
1184 2758 1315 2799 sum

616 2832 785 2890 uobis
813 2842 877 2891 ut
904 2850 1027 2891 non
1056 2851 1199 2892 scan

616 2924 939 2984 dalizemini
963 2956 978 2972 ·
1021 2923 1044 2957 ²
1060 2932 1202 3004 qum

616 3017 673 3076 in
703 3038 1003 3096 synagoga
1030 3038 1141 3079 uos
1169 3022 1223 3081 ei

616 3113 766 3173 cient
790 3145 804 3160 ·
869 3114 986 3173 Sed
1015 3116 1149 3173 ueni

615 3217 670 3265 et
698 3207 842 3268 hora
867 3219 929 3267 ut
958 3210 1152 3268 omnis

616 3303 712 3379 qui
741 3319 850 3361 uos
878 3304 1154 3363 occiderit
1177 3334 1193 3350 ·

616 3396 879 3454 aestimet
907 3414 971 3455 se
1001 3398 1150 3457 sacri

617 3489 810 3548 ficium
840 3491 1046 3550 offerre
1076 3492 1154 3551 do
1178 3523 1296 3538 ·-

616 3581 638 3615 ³
654 3582 731 3642 Et
760 3583 867 3643 hec
899 3584 1117 3643 faciunt
1144 3592 1287 3663 qiim

619 3694 737 3736 non
768 3689 1175 3754 cognouerunt

619 3779 841 3847 patrem
871 3789 1095 3849 nequae

622 3880 716 3922 me
740 3895 754 3911 ·
797 3865 822 3896 ⁴
841 3863 959 3923 Sed
987 3865 1131 3925 haec
1159 3866 1295 3926 locu

624 3966 712 4015 tus
740 3976 873 4017 sum
901 3959 1074 4018 uobis
1141 3970 1205 4019 ut

627 4068 759 4109 cum
787 4052 1014 4111 uenerit
1041 4051 1187 4112 hora

625 4142 848 4205 illorum
875 4146 1131 4206 memine

621 4238 740 4300 ritis
764 4271 780 4287 ·
841 4244 990 4319 qum
1015 4257 1129 4316 ego

1373 637 1567 687 autem
1595 628 1765 689 uobis
1793 631 1869 688 ab
1891 630 1909 687 i

1371 722 1515 780 nitio
1545 741 1665 782 non
1695 723 1815 781 dixi
1842 720 1979 800 quia

1369 816 1677 874 uobiscum
1704 836 1866 877 eram

1367 908 1391 941 ⁶
1413 908 1590 968 Nunc
1620 921 1814 972 autem
1841 912 1996 971 uado

1369 1003 1446 1062 ad
1474 1022 1609 1063 eum
1637 1007 1736 1082 qui
1763 1024 1858 1065 me
1887 1007 1969 1065 mi

1369 1098 1443 1156 sit
1466 1128 1480 1144 ·
1539 1098 1617 1157 Et
1646 1118 1824 1158 nemo
1852 1120 1925 1160 ex

1368 1191 1541 1250 uobis
1569 1192 1885 1271 interrogat

1367 1303 1464 1344 me
1491 1302 1612 1361 quo
1638 1287 1805 1347 uadis
1827 1319 1841 1335 ·

1368 1379 1390 1412 ⁸
1415 1378 1529 1438 Sed
1550 1381 1688 1456 quia
1716 1380 1824 1441 hec
1851 1382 1988 1443 locu

1369 1482 1462 1532 tus
1491 1492 1621 1533 sum
1647 1475 1819 1535 uobis
1847 1478 1946 1536 tris

1369 1568 1492 1628 titia
1518 1569 1759 1646 repleuit
1786 1589 1891 1631 cor

1370 1672 1624 1721 uestrum
1648 1695 1661 1710 ·
1707 1664 1729 1697 ⁷
1749 1664 1864 1724 Sed
1890 1686 1927 1725 e

1371 1774 1453 1832 go
1482 1758 1779 1817 ueritatem
1808 1759 1942 1820 dico

1372 1850 1540 1910 uobis
1563 1881 1578 1897 ·
1643 1852 1875 1929 expedit
1901 1872 1981 1914 uo

1371 1943 1463 2003 bis
1490 1955 1553 2003 ut
1580 1964 1694 2022 ego
1722 1966 1855 2006 eam
1879 1980 1893 1995 ·
1955 1948 2016 2009 Si

1372 2049 1565 2097 autem
1593 2059 1706 2117 ego
1736 2060 1858 2101 non
1888 2045 1983 2102 abi

1370 2151 1473 2192 ero
1513 2133 1828 2195 aduocatus

1369 2245 1493 2288 non
1520 2230 1712 2287 ueniet
1740 2230 1813 2288 ad
1840 2249 1950 2289 uos

1372 2319 1435 2380 Si
1463 2332 1657 2382 autem
1685 2324 1846 2384 hiero
1876 2326 1983 2384 mit

1367 2462 1489 2512 tam
1516 2453 1676 2513 illum
1706 2455 1782 2515 ad
1809 2475 1920 2515 uos
1940 2488 1956 2504 ·

1366 2548 1460 2607 ¹‘et
1488 2567 1623 2608 cum
1652 2552 1871 2609 uenerit
1900 2550 1991 2610 ille

1365 2653 1567 2718 arguet
1595 2646 1880 2703 mundum
1909 2646 1981 2705 de

1364 2747 1608 2812 peccato
1675 2747 1733 2797 et
1762 2740 1834 2798 de
1862 2739 1995 2800 iusti

1366 2831 1445 2889 tia
1512 2840 1569 2890 et
1597 2832 1669 2891 de
1696 2832 1912 2892 iudicio
1936 2866 1950 2881 ·

1363 2922 1386 2957 ⁹
1408 2923 1498 2982 De
1527 2938 1768 3001 peccato
1797 2928 2033 3002 quidem

1364 3018 1502 3094 quia
1530 3037 1654 3077 non
1681 3019 1911 3080 credide

1362 3113 1748 3172 runtinme···
1773 3113 1913 3174 ¹⁰De
1924 3117 2053 3176 iusti

1364 3206 1444 3264 tia
1466 3216 1660 3265 autem
1690 3214 1834 3284 qum
1862 3210 1938 3268 ad

1362 3309 1585 3376 patrem
1613 3320 1806 3360 meum
1836 3321 1913 3363 ua

1363 3394 1442 3454 do
1469 3405 1527 3453 et
1554 3414 1674 3455 non
1706 3397 1973 3458 uidebitis

1363 3506 1459 3547 me
1484 3521 1497 3535 ·
1521 3521 1535 3535 ·
1560 3522 1573 3535 ·
1629 3488 1670 3522 ¹¹
1690 3489 1781 3550 De
1811 3493 2024 3554 iudicio

1365 3593 1561 3641 autem
1589 3589 1731 3662 qum
1760 3587 1889 3662 prin

1367 3696 1508 3754 ceps
1536 3677 1704 3737 huius
1732 3681 1936 3740 mundi

1369 3773 1486 3830 iam
1517 3772 1803 3832 iudicatus
1831 3786 1957 3835 est·

1368 3863 1413 3898 ¹²
1424 3864 1636 3926 Adhuc
1652 3868 1833 3929 multa
1852 3869 2044 3931 habeo

1371 3962 1541 4021 uobis
1572 3962 1763 4021 dicere
1784 3994 1797 4009 ·
1863 3964 1966 4023 sed

1374 4073 1495 4114 non
1525 4056 1770 4131 potestis
1799 4075 1908 4133 por

1375 4158 1495 4207 tare
1525 4148 1707 4207 modo
1731 4178 1745 4194 ·
1790 4150 1988 4210 ¹”cum

1375 4253 1569 4302 autem
1597 4242 1819 4303 uenerit
1844 4243 1938 4303 ille

2178 628 2386 703 diriget
2411 646 2519 688 uos
2546 630 2608 687 in
2636 648 2737 689 om

2176 740 2313 781 nem
2341 724 2642 782 ueritatem
2669 754 2684 771 ·

2174 834 2298 874 non
2323 817 2482 875 enim
2510 817 2684 895 loque

2173 920 2267 968 tur
2294 912 2371 969 ab
2398 929 2459 970 se
2483 942 2498 958 ·
2564 911 2679 972 Sed
2708 907 2779 991 q5

2171 1021 2422 1082 cumque
2463 1005 2631 1065 audie

2171 1097 2244 1154 rit
2271 1115 2341 1156 ea
2368 1097 2623 1175 loquitur
2645 1130 2660 1147 ·

2172 1188 2252 1247 Et
2280 1203 2522 1251 uentura
2550 1193 2750 1252 adnun

2171 1284 2334 1342 tiabit
2361 1287 2531 1345 uobis
2555 1317 2569 1333 ·
2615 1288 2656 1320 ¹⁴
2673 1287 2768 1348 ille

2172 1395 2267 1435 me
2289 1378 2612 1442 honorifica

2171 1471 2257 1530 bit
2324 1474 2462 1549 quia
2488 1475 2561 1534 de
2591 1494 2728 1536 meo

2172 1566 2422 1644 accipiet
2488 1580 2546 1629 et
2571 1570 2649 1630 ad

2171 1661 2458 1721 nuntiabit
2482 1664 2654 1723 uobis
2677 1697 2691 1714 ·

2172 1750 2219 1786 ¹⁶
2241 1753 2464 1814 Omnia
2486 1776 2775 1834 quaecum

2173 1866 2288 1926 que
2322 1848 2496 1910 habet
2522 1861 2685 1929 pater

2171 1960 2307 2000 mea
2335 1955 2468 2003 sunt
2490 1975 2505 1991 ·
2526 1976 2540 1992 ·
2600 1965 2752 2025 prop

2172 2043 2332 2095 terea
2359 2037 2473 2098 hoc
2501 2038 2621 2098 dixi
2650 2059 2729 2101 uo

2175 2130 2263 2187 bis
2281 2163 2294 2176 ·
2320 2133 2458 2208 quia
2485 2134 2558 2193 de
2587 2153 2721 2195 meo

2174 2224 2420 2301 accipiet
2452 2237 2510 2285 et
2538 2228 2738 2290 adnun

2172 2318 2339 2378 tiabit
2365 2322 2531 2380 uobis
2550 2348 2632 2376 ,Α

2125 2445 2154 2479 *
2180 2446 2225 2483 ¹⁶
2240 2449 2520 2513 Pusillum
2549 2454 2740 2517 adhuc

2123 2540 2153 2573 *
2179 2554 2238 2603 et
2260 2563 2382 2606 non
2407 2549 2673 2609 uidebitis
2700 2570 2798 2612 me

2121 2635 2151 2668 *
2176 2648 2233 2697 et
2254 2639 2459 2699 iterum
2487 2646 2635 2720 pusil

2165 2734 2290 2792 ium
2319 2744 2377 2794 et
2402 2738 2671 2798 uidebitis
2700 2759 2794 2801 me
2826 2774 2844 2790 ·

2166 2833 2310 2904 qum
2337 2829 2493 2890 uado
2523 2833 2598 2892 ad
2620 2844 2852 2910 patre--

2168 2920 2212 2954 ¹⁷
2230 2922 2519 2985 Dixerunt
2540 2946 2685 3004 ergo
2712 2947 2786 2991 ex

2170 3016 2466 3094 discipulis
2495 3022 2619 3080 eius
2643 3024 2705 3080 in

2165 3118 2254 3170 tra
2282 3130 2346 3170 se
2368 3144 2382 3158 ·
2447 3116 2588 3191 quid
2618 3129 2704 3177 est
2731 3117 2847 3180 hoc

2166 3207 2327 3281 quod
2357 3208 2508 3268 dicet
2538 3213 2709 3270 nobis
2738 3232 2820 3290 pu

2167 3300 2358 3360 sillum
2387 3313 2445 3361 et
2474 3323 2593 3363 non
2623 3307 2758 3366 uide

2166 3395 2299 3454 bitis
2327 3416 2423 3456 me
2451 3409 2508 3457 et
2535 3400 2739 3460 iterum

2167 3491 2442 3566 pusillum
2470 3504 2528 3552 et
2555 3496 2688 3554 uide

2168 3585 2302 3644 bitis
2330 3604 2425 3645 me
2479 3587 2557 3647 Et
2585 3595 2725 3666 qfim
2754 3608 2832 3652 ua

2171 3679 2249 3738 do
2277 3679 2350 3737 ad
2379 3690 2603 3757 patrem
2623 3714 2637 3730 ·

2170 3773 2214 3806 ¹⁸
2232 3773 2523 3832 Dicebant
2548 3794 2690 3853 ergo
2709 3778 2850 3855 quid

2172 3877 2261 3926 est
2288 3866 2402 3925 hoc
2432 3870 2594 3946 quod
2624 3871 2763 3930 dicit

2173 3960 2449 4037 pusillum
2477 3964 2769 4023 nescimus

2173 4054 2313 4132 quid
2342 4054 2595 4131 loquitur
2612 4087 2627 4103 ·
2649 4088 2663 4103 ·

2928 640 2987 690 et
3015 631 3159 691 dixit
3185 633 3269 692 eis
3290 664 3306 682 ·
3364 633 3439 693 de
3467 634 3583 696 hoc

2927 726 3199 801 quaeritis
3228 727 3303 786 ad
3333 728 3455 787 inui

2926 836 3059 877 cem
3088 821 3226 895 quia
3254 821 3374 880 dixi
3395 854 3412 871 ·

2924 912 3196 988 pusillum
3221 924 3281 973 et
3307 934 3429 976 non

2924 1005 3194 1066 uidebitis
3221 1026 3315 1067 me
3339 1041 3356 1056 ·
3417 1019 3474 1070 et
3503 1011 3522 1070 i

2925 1109 3110 1158 terum
3140 1103 3413 1178 pusillum

2924 1201 2982 1252 et
3008 1194 3278 1255 uidebitis
3305 1217 3399 1258 me
3424 1230 3440 1246 ·

2923 1284 3177 1347 ”Amen
3206 1308 3380 1351 amen
3409 1292 3545 1355 dico

2921 1382 3090 1441 uobis
3112 1413 3126 1429 ·
3189 1386 3326 1462 quia
3352 1404 3463 1446 uos

2924 1474 3133 1535 flebitis
3161 1488 3218 1537 et
3246 1480 3458 1557 plange

2923 1568 3058 1628 bitis
3082 1602 3096 1617 ·
3139 1573 3394 1633 mundus

2924 1674 3121 1723 autem
3149 1667 3464 1742 gaudebit·

2925 1754 3055 1816 Uos
3085 1760 3261 1819 tristis
3288 1763 3443 1821 eritis
3468 1795 3482 1810 ·

2925 1852 3029 1909 sed
3059 1853 3278 1913 tristitia
3306 1866 3497 1916 uestra

2924 1945 2986 2003 in
3014 1947 3292 2022 gaudium
3318 1952 3512 2010 ueniet
3529 1983 3546 1998 ·

2921 2035 2965 2070 ²¹
2986 2038 3200 2099 Mulier
3226 2061 3360 2102 cum
3390 2054 3558 2122 partu

2922 2133 2995 2192 rit
3023 2135 3308 2194 tristitiam
3338 2138 3414 2197 ha

2923 2228 3023 2285 bet
3051 2233 3192 2305 qum
3218 2232 3379 2289 uenit
3406 2231 3485 2292 ho

2923 2339 2989 2380 ra
3015 2322 3140 2381 eius
3162 2353 3178 2369 ·
3252 2324 3406 2384 Cum
3433 2345 3511 2385 au

2922 2463 3043 2512 tem
3072 2456 3295 2531 peperit
3321 2457 3483 2517 infan

2927 2557 3045 2607 tem
3075 2567 3194 2609 non
3222 2563 3309 2610 est
3338 2564 3560 2612 mem⁰r

2928 2642 3147 2703 doloris
3177 2656 3415 2721 propter

2923 2737 3199 2814 gaudium
3255 2741 3393 2816 quia
3421 2759 3503 2801 na

2922 2840 3013 2890 tus
3041 2843 3130 2891 est
3151 2833 3333 2892 homo
3363 2836 3424 2893 in
3453 2835 3567 2897 hoc

2920 2926 3147 2984 mundo
3172 2958 3204 2973 ον
3229 2924 3366 2987 2²Et
3392 2948 3506 2989 uos

2920 3037 3063 3095 ergo
3095 3040 3248 3081 nunc
3269 3024 3444 3100 quide

2919 3114 3205 3173 tristitiam
3236 3116 3392 3176 habe

2920 3209 2992 3267 tis
3016 3239 3032 3255 ·
3093 3209 3313 3269 Iterum
3343 3218 3477 3272 aute

2855 3307 2861 3313 ’
2917 3302 3134 3362 uidebo
3161 3323 3271 3364 uos
3299 3317 3355 3364 et
3383 3326 3501 3383 gau

2921 3396 3082 3455 debit
3110 3415 3210 3456 cor
3239 3406 3431 3458 uestrii
3454 3431 3469 3447 ·

2921 3489 2997 3548 Et
3026 3509 3203 3550 nemo
3232 3493 3415 3553 aufert
3442 3512 3560 3570 gau

2924 3584 3084 3643 dium
3112 3595 3369 3644 uestrum

2924 3695 2959 3735 a
2980 3678 3152 3736 uobis
3176 3709 3190 3724 ·
3234 3676 3278 3711 ²⁸
3300 3679 3378 3739 Et
3406 3681 3466 3738 in
3497 3681 3595 3741 illa

2924 3771 3017 3830 die
3045 3789 3140 3830 me
3168 3772 3309 3832 nihil
3339 3774 3487 3833 inter

2922 3865 3203 3940 rogabitis
3224 3897 3237 3912 .
3263 3897 3278 3913 .
3299 3898 3314 3916 .
3374 3867 3574 3927 Amen

2923 3976 3097 4016 amen
3126 3960 3259 4019 dico
3288 3961 3461 4021 uobis

2922 4053 2970 4112 si
2999 4052 3137 4129 quid
3166 4054 3439 4130 petieritis

2171 4149 2217 4183 ¹⁹
2235 4149 2529 4226 Cognouit
2558 4160 2751 4210 autem
2782 4153 2871 4214 ihs
2921 4156 3147 4223 patrem
3177 4147 3237 4205 in
3266 4148 3511 4208 nomine

2172 4250 2315 4322 qum
2343 4243 2618 4308 uolebant
2639 4245 2792 4307 illu-

2921 4259 3058 4302 meo
3087 4240 3248 4301 dabit
3273 4242 3444 4302 uobis

3256 4369 3298 4411 x
