4414 4917
828 2303 888 2337 10

826 3586 888 3620 20

1758 451 2462 511 UJNDOBONENSJA
2518 443 2604 531 (s)
3438 470 3511 511 21

1317 692 1603 758 Secundi
1641 694 2088 775 quaternionis
2112 695 2366 776 folium
2409 696 2755 760 secundum
2804 694 3037 783 (recto).

1413 910 1558 974 Fol.
1605 912 1755 991 47b
1802 909 2043 995 (Belslz.
2087 933 2284 993 usque
2327 912 2422 975 ad
2460 911 2504 976 l.
2557 932 2656 992 11,
2722 912 2917 999 Wh.).

2887 1018 3045 1082 Act.
3078 1019 3292 1082 xxvii.
3324 1038 3519 1098 4-10.

1341 1113 1680 1205 pro[fecti]
1859 1119 2314 1202 nauigauimus
2358 1141 2633 1204 cyprum

1335 1267 1418 1310 eo
1461 1247 1643 1328 quod
1692 1248 1871 1311 uenti
1918 1258 2140 1312 essent
2186 1249 2444 1312 aduersi
2490 1248 2603 1313 ⁵et
2627 1260 2755 1331 pro

1338 1374 1540 1456 gressi
1585 1374 1650 1436 in
1696 1394 1878 1438 mare
1924 1376 2105 1458 quod
2151 1379 2516 1441 secundum
2563 1374 2666 1440 cili

1338 1502 1509 1566 ciam
1555 1511 1656 1567 est
1701 1512 1767 1566 et
1812 1504 2222 1585 pampyliarn
2270 1506 2582 1590 enauigas

1344 1652 1566 1696 semus
1611 1631 1997 1695 deuenirnus
2041 1632 2308 1714 ly⁸tram
2356 1655 2525 1716 quae

1340 1769 1442 1824 est
1488 1756 1723 1845 (lisiae)
1769 1760 1882 1824 “et
1927 1760 2177 1825 inuenit
2224 1761 2313 1825 ibi
2359 1758 2655 1828 centurio

1340 1908 1581 1952 nauem
1627 1888 2132 1953 alexandrinam
2179 1890 2540 1972 nauigante

1340 2019 1407 2081 in
1453 2018 1708 2082 italiam
1753 2027 1821 2082 et
1867 2018 2158 2100 inposuit
2202 2014 2322 2083 nos
2368 2019 2433 2083 in
2480 2040 2559 2083 ea
2606 2053 2619 2068 ·
2667 2018 2782 2084 ⁷et

1342 2167 1494 2211 cum
1544 2146 1767 2211 multis
1811 2147 2044 2211 diebus
2091 2148 2279 2212 tarde
2325 2149 2568 2230 nauiga

1346 2295 1565 2339 remus
1612 2286 1679 2339 et
1726 2276 1842 2339 uix
1888 2277 2307 2360 (deuenimus
2354 2298 2501 2342 cum
2552 2277 2759 2363 uenti)

1341 2415 1561 2470 essent
1607 2406 1913 2471 contrarii

1344 3041 1586 3108 (⁸)boni
1631 3058 1864 3127 portus
1911 3049 2096 3111 iuxta
2144 3069 2232 3130 qu

1345 3185 1448 3237 tas
1494 3174 1735 3239 talassa

1347 3300 1405 3351 (⁹)
1432 3314 1732 3385 tempore

1344 3440 1489 3495 tuta
1536 3433 1873 3516 nauigatio

2390 3692 2479 3742 (ω)
2505 3695 2625 3758 uiri

1347 3819 1542 3883 uideo
1588 3820 1739 3904 quia
1786 3841 1935 3885 cum
1984 3818 2243 3908 (iniuria
2289 3834 2356 3886 et
2404 3823 2647 3910 multo)

1347 3949 1747 4015 detrimento
1795 3972 1925 4015 non

1349 4089 1414 4141 et
1463 4080 1649 4143 nauis
1695 4082 1811 4145 sed
1859 4082 2056 4146 etiam
