4414 4917
1759 432 1918 491 EDI
1922 435 1974 493 T
1972 435 2172 497 ORIS
2224 440 2291 497 N
2290 442 2404 501 OT
2405 443 2565 503 ULA
2573 446 2628 503 E
3462 468 3545 530 53

850 576 928 637 P·
957 599 1054 657 39.
1094 585 1220 646 Fol.
1251 610 1324 666 43
1349 611 1403 652 a.
1486 596 1525 654 I.
1559 616 1591 672 3
1621 603 1860 676 spatium
1902 606 1984 664 ad
2019 609 2242 668 initium
2284 613 2457 672 lineae
2496 635 2574 674 ex
2616 619 2756 677 uitio
2797 618 3142 679 membranae
3183 622 3539 698 relinquitur.

1010 689 1273 747 meretrix
1298 709 1312 749 ε
1354 694 1435 751 ila
1464 698 1623 755 credo
1656 699 1866 776 Codex,
1899 712 1964 763 ut
1985 706 2123 782 legit
2145 707 2339 770 Belsh.
2570 717 2609 773 l.
2643 733 2677 791 5
2709 717 2820 776 alia
2848 719 2979 777 uia:
3024 721 3105 778 ita
3132 721 3293 778 credo
3325 721 3542 791 Codex,

1007 788 1074 839 u!
1095 783 1228 861 legit
1251 788 1441 852 Belsh.
1607 798 1644 854 l.
1680 816 1751 874 13
1782 812 1868 861 est
1896 823 1967 861 m.
1977 816 2040 880 p.
2068 807 2151 864 ad
2153 809 2269 885 fin.
2288 812 2463 870 lineae
2481 833 2513 881 ,⁰
2554 818 2732 873 erasit
2754 833 2781 874 s
2798 825 3084 876 correclor.
3247 820 3286 876 l.
3324 838 3345 877 1
3359 839 3392 892 4
3412 827 3548 895 post

1006 878 1170 941 freno
1199 887 1336 947 duae
1361 891 1577 951 litterae
1602 917 1794 957 erasae
1819 908 1964 960 sunt.
2154 909 2191 965 l.
2229 911 2301 966 16
2331 911 2390 968 in
2417 929 2521 970 ora
2547 913 2630 970 sic
2657 916 2817 972 credo
2849 916 3060 989 Codex,
3093 926 3159 976 ut
3181 918 3318 993 legit
3341 916 3539 977 Belsh.

1003 978 1042 1034 l.
1076 998 1151 1038 20
1178 989 1319 1072 quid
1336 996 1463 1047 ante
1491 1002 1624 1052 ntur
1650 997 1834 1071 lateat,
1870 1002 2094 1062 dubium
2121 1014 2206 1065 es!
2219 1030 2246 1074 ;
2292 1011 2441 1068 mihi
2468 1012 2688 1070 uidetur
2724 1024 2961 1074 utantur
2991 1020 3257 1092 scriptum
3287 1037 3414 1088 esse,
3443 1020 3547 1075 sed

1001 1078 1224 1140 uerbum
1251 1103 1413 1145 sensu
1440 1100 1597 1151 caret
1607 1114 1624 1166 ;
1643 1096 1866 1173 forsan
1894 1111 2021 1161 erat
2048 1105 2372 1180 minentur‚·
2414 1110 2621 1169 conicit
2651 1110 2875 1189 Berger
2901 1114 3207 1191 agitantur.
3390 1118 3427 1175 l.
3462 1136 3491 1174 2
3507 1136 3531 1174 1

980 1176 1205 1248 forsan
1233 1182 1462 1261 inpetus
1488 1193 1571 1249 ad
1574 1194 1707 1271 fin.,
1737 1199 1836 1255 sed
1855 1204 2097 1277 spatium
2125 1210 2342 1266 arctius
2375 1217 2470 1269 est.
2862 1260 2873 1269 -

836 1268 916 1329 P.
949 1291 1042 1345 41.
1084 1276 1210 1337 Fol.
1238 1297 1311 1356 54
1331 1304 1385 1343 a.
1506 1292 1543 1348 l.
1575 1311 1610 1365 4
1641 1293 1895 1357 habetis:
1941 1300 2156 1363 habent
2193 1305 2377 1367 Ttlrch.
2506 1309 2542 1368 l.
2573 1312 2607 1366 8
2628 1327 2655 1368 s
2675 1313 2735 1368 in
2765 1310 2871 1369 ista
2890 1322 3167 1387 superscr.
3193 1334 3340 1372 corr.
3357 1334 3426 1374 m.
3442 1327 3536 1393 p.;

998 1372 1107 1434 ista
1140 1377 1327 1440 Tt’sch.
1355 1386 1717 1462 stmplisaem
1758 1399 2020 1459 st'mililer
2045 1402 2063 1459 i
2089 1404 2152 1461 in
2181 1405 2417 1483 quidem
2446 1409 2485 1466 l.
2524 1427 2592 1481 14
2628 1414 2681 1466 el
2706 1428 2739 1468 a
2767 1411 2829 1467 in
2860 1428 3012 1486 quae
3035 1412 3072 1468 l.
3109 1431 3199 1487 23.
3370 1414 3406 1473 l·
3463 1429 3534 1488 Ῐ5

999 1476 1304 1538 modesta:
1347 1486 1607 1548 modeste
1636 1491 1816 1557 Ttlvclz.
1902 1500 1939 1557 l.
1975 1520 2043 1558 22
2077 1506 2601 1583 concupiscentiis:
2645 1510 3133 1585 concupiscentils
3150 1513 3311 1586 lapsu
3347 1513 3534 1571 Tisch.

834 1564 911 1625 Ρ·
943 1589 1038 1641 42·
1081 1573 1148 1637 F
1141 1577 1210 1635 ol.
1242 1593 1314 1652 54
1337 1581 1384 1639 b·
1466 1586 1504 1642 l.
1534 1605 1569 1659 4
1600 1593 1889 1670 accipietis
1906 1600 2129 1676 forsan
2159 1624 2231 1664 m.
2246 1617 2311 1683 p.
2332 1628 2359 1673 ,·
2405 1609 2583 1665 erasit
2614 1624 2648 1664 e
2676 1616 2970 1666 corrector.
3192 1610 3231 1669 l.
3269 1630 3339 1687 19
3375 1613 3537 1670 credo

903 1728 908 1731 .
995 1670 1068 1728 ad
1076 1677 1498 1753 propinquauit.

830 1764 908 1826 P.
940 1785 1035 1842 43.
1078 1771 1205 1832 Fol.
1251 1796 1327 1854 49
1344 1799 1398 1841 a.
1512 1785 1549 1845 l.
1598 1805 1631 1862 3
1674 1794 1834 1851 credo
1874 1795 2131 1860 detrahat
2175 1799 2236 1878 (a
2266 1815 2366 1881 pr.
2408 1816 2528 1880 sup.
2572 1808 2671 1865 le'n.
2716 1805 2854 1879 scr.)
2895 1806 2995 1863 sed
3027 1809 3316 1884 screjolura
3355 1818 3536 1884 paene

992 1875 1237 1932 euanuit.
1442 1881 1479 1941 l.
1512 1898 1545 1958 5
1575 1890 1731 1946 credo
1757 1910 1820 1950 es
1847 1896 1928 1951 ad
1932 1898 2046 1971 fin.
2068 1921 2099 1967 ,·
2139 1903 2240 1959 sed
2260 1909 2372 1962 tota
2400 1906 2545 1962 linea
2574 1907 2709 1963 lectu
2728 1905 3080 1982 perdtffice'lzlr
3106 1913 3198 1966 est.
3382 1909 3422 1965 l.
3462 1927 3480 1964 1
3505 1928 3524 1966 1

993 1970 1152 2026 credo
1180 1973 1416 2047 quidem
1444 1983 1527 2038 ad
1543 1985 1720 2060 finem
1748 1990 1921 2050 lineae
1946 2002 2110 2056 stare.
2354 2004 2392 2060 l.
2427 2021 2502 2061 20
2531 2004 2688 2061 credo
2717 2003 2891 2080 Agite
2921 2020 3094 2073 nune,
3124 2006 3224 2062 sed
3244 2008 3534 2083 scriptura

987 2073 1161 2136 paene
1186 2079 1426 2136 euanuit.
1672 2086 1707 2145 l.
1742 2107 1812 2147 22
1838 2100 1965 2166 post
1987 2095 2299 2157 aduenient
2326 2103 2472 2158 stelit
2472 2104 2695 2177 forsan
2724 2119 2915 2179 super.

827 2157 906 2217 P.
939 2164 1035 2231 46.
1078 2164 1206 2225 Fol.
1238 2184 1311 2244 74
1336 2174 1385 2233 b.
1469 2177 1506 2236 l.
1543 2199 1571 2238 2
1605 2189 1716 2243 eh:
1762 2188 1841 2246 ila
1873 2190 2068 2252 Codex
2106 2198 2266 2253 credo
2286 2216 2300 2267 ;
2344 2216 2479 2257 eum
2517 2199 2704 2257 Tisch.
2951 2202 2987 2258 l.
3020 2213 3054 2273 5
3086 2200 3304 2258 saluet:
3348 2201 3532 2261 saluat

1000 2259 1184 2323 Ttlrch.
1367 2273 1405 2332 l.
1437 2279 1472 2333 6
1502 2284 1830 2357 cooperiet:
1876 2294 2135 2367 cooperit
2170 2293 2352 2353 Dis-ch.
2533 2298 2571 2354 l.
2609 2316 2680 2355 10
2709 2297 2973 2374 Epistula
2998 2298 3303 2376 :epistola
3344 2299 3530 2357 Tisch.

990 2359 1029 2416 l.
1080 2376 1150 2435 15
1196 2364 1272 2441 by
1309 2365 1319 2447 Ι
1358 2372 1565 2436 tiniae:
1624 2380 1854 2445 bitiniae
1906 2388 2091 2448 Te'sch.
2135 2392 2349 2451 diserte.
2595 2396 2633 2454 l.
2695 2413 2766 2452 22
2816 2397 3249 2455 misericordia:
3308 2397 3529 2455 miseri-

989 2460 1252 2522 cordiam
1291 2470 1477 2533 Tisch.
3044 2564 3053 2570 ,

821 2547 900 2606 Ρ·
933 2568 1030 2628 47-
1074 2557 1143 2614 F
1135 2563 1203 2620 ol·
1239 2578 1313 2641 75
1333 2568 1380 2627 b.
1462 2575 1499 2632 l.
1541 2579 1609 2634 18
1639 2582 1861 2658 prophe
1899 2582 1907 2665 Ι
1943 2596 1999 2645 te
2027 2589 2109 2645 sic
2141 2587 2339 2646 Codex
2365 2590 2560 2648 credo:
2604 2589 2928 2666 prophetae
2964 2590 3149 2651 Ti‘sch.

819 2645 899 2703 P.
932 2667 1030 2724 50.
1073 2656 1203 2718 Fol.
1250 2669 1326 2736 46
1346 2688 1400 2728 a.
1483 2675 1520 2732 l.
1567 2695 1600 2748 4
1652 2684 2228 2758 superaedifecamini
2276 2688 2359 2744 ita
2414 2686 2629 2746 Codex.
2876 2691 2914 2747 l.
2961 2707 2996 2764 5
3040 2708 3074 2748 e
3125 2693 3186 2747 in
3237 2688 3532 2766 spirituale

985 2764 1263 2827 superscr.
1292 2786 1437 2830 corr.
1472 2790 1542 2833 m.
1570 2788 1625 2851 p.
1830 2784 1866 2842 l.
1896 2785 1930 2839 8
1962 2801 2123 2859 pono
2148 2785 2326 2855 credo,
2354 2787 2454 2842 sed
2473 2788 2758 2861 scriptura
2775 2798 2952 2863 paene
2971 2791 3215 2846 euanuit.
3425 2788 3463 2843 l·
3498 2805 3533 2860 9

984 2857 1329 2930 angularem
1360 2870 1599 2934 dublum.
1841 2882 1877 2938 l.
1913 2900 1941 2938 2
1952 2900 1985 2956 3
2016 2889 2142 2938 anle
2171 2880 2246 2940 ad
2273 2883 2648 2959 slelt'lsorsan
2677 2895 2752 2942 et.
