4414 4917
765 278 890 343 116

437 467 563 516 1⁸01.
585 467 709 516 102.
761 455 909 516 dens
938 455 1081 515 dixit
1107 455 1217 516 illis
1239 487 1254 502 ·

761 569 913 628 quae
941 560 1031 609 est
1058 560 1243 608 mater

762 664 897 703 mea
924 654 1025 702 aut
1052 643 1254 703 fratres

762 739 879 798 mei
902 769 916 785 ·
960 739 1003 771 ⁸⁴
1021 738 1099 796 Et
1126 738 1334 816 conspi

762 832 923 894 ciens
951 833 1052 911 qui
1077 833 1137 891 in
1166 833 1250 891 cir

764 928 922 986 cuitu
950 928 1073 986 eius
1102 927 1242 987 sede

764 1023 909 1081 bant
936 1022 1015 1080 ait
1033 1052 1048 1067 ·
1119 1021 1282 1080 Ecce

764 1124 952 1176 mater
984 1133 1118 1173 mea
1175 1124 1233 1174 et
1261 1114 1347 1173 fra

763 1220 881 1271 tres
910 1210 1064 1268 mei·
1107 1208 1153 1241 ³⁵
1170 1210 1270 1286 qui
1299 1227 1332 1267 e

768 1305 891 1363 nim
921 1303 1117 1363 fecerit
1144 1320 1224 1362 uo

767 1398 1051 1457 luntatem
1074 1395 1133 1454 di

769 1491 864 1550 hic
894 1508 1060 1548 meus
1088 1489 1262 1549 frater

771 1594 829 1645 et
856 1601 1024 1644 soror
1046 1594 1103 1643 et
1131 1602 1230 1642 ma

815 1688 996 1737 mter
1024 1687 1111 1737 est
1134 1704 1215 1729 m

723 1777 757 1818 '¹‘
776 1783 838 1838 4.
867 1778 886 1811 ¹
904 1775 982 1835 Et
1009 1777 1207 1853 coepit
1235 1776 1379 1836 iteru

724 1876 754 1909 *
776 1876 989 1936 docere
1012 1875 1088 1935 ad
1117 1894 1218 1934 ma

719 1971 754 2009 *
775 1988 837 2029 re
916 1970 994 2028 Et
1022 1987 1238 2047 congre

722 2066 757 2105 *
777 2065 907 2143 gat*
934 2073 1022 2124 est
1051 2064 1126 2122 ad
1154 2081 1291 2123 eum

775 2161 946 2218 turba
973 2158 1155 2216 multa
1177 2189 1191 2203 ·
1256 2157 1335 2215 ita

777 2263 842 2312 ut
872 2254 934 2312 in
961 2269 1175 2310 nauem
1204 2268 1271 2309 as

778 2346 1042 2407 cendens
1064 2376 1079 2391 ·
1140 2344 1279 2403 sede

778 2489 866 2539 ret
894 2496 1067 2555 super
1094 2496 1252 2536 mare
1276 2508 1290 2524 ·
1325 2509 1338 2523 ·

779 2583 839 2632 et
865 2573 1059 2633 omnis
1087 2573 1256 2630 turba

780 2667 936 2726 circa
962 2685 1121 2725 mare
1152 2677 1272 2724 erat
1292 2696 1307 2711 ·

780 2758 802 2791 ²
819 2770 878 2820 et
907 2759 1155 2819 docebat
1183 2777 1286 2818 eos
1308 2759 1369 2816 in

782 2853 1078 2932 parabolis
1106 2853 1287 2911 multa
1305 2884 1320 2898 ·

785 2958 843 3008 et
871 2947 1102 3005 dicebat
1131 2946 1240 3004 illis
1269 2947 1329 3004 in

784 3040 1051 3100 doctrina
1078 3057 1183 3097 sua
1211 3039 1268 3097 di

786 3152 929 3194 cens
953 3165 967 3179 ·
1011 3132 1211 3192 8Ecce
1240 3133 1334 3192 exi

783 3227 828 3287 it
855 3227 1153 3287 seminans

784 3321 861 3381 ad
889 3306 1299 3381 seminandum

784 3417 903 3475 ‘Et
933 3417 1075 3476 dum
1105 3416 1353 3475 seminat

784 3509 939 3570 aliud
968 3509 1174 3569 cecidit
1203 3510 1286 3568 cir

788 3623 858 3664 ca
885 3605 1045 3663 uiam
1099 3614 1158 3663 et
1185 3622 1335 3663 uene

784 3707 920 3757 runt
945 3698 1211 3757 uolucres

788 3792 896 3852 celi
959 3802 1017 3851 et
1044 3792 1290 3851 comede

785 3896 921 3945 runt
948 3885 1086 3944 illud
1109 3919 1123 3933 ·

788 3980 811 4013 ⁶
829 3980 1003 4040 Aliud
1033 3998 1172 4039 uero
1202 3979 1409 4039 cecidit

789 4092 964 4152 super
991 4075 1121 4133 loca
1150 4093 1227 4150 pe

791 4178 948 4228 trosa
967 4199 981 4214 ·
1041 4168 1119 4225 Et
1146 4167 1365 4245 quonia

792 4278 913 4320 non
941 4260 1143 4320 habuit
1164 4272 1250 4321 ter

792 4372 916 4412 ram
944 4354 1184 4413 multam

2127 281 2369 346 SECD
2391 314 2406 329 ·

1515 456 1708 515 statim
1737 456 1985 517 exhortfi

1516 561 1605 611 est
1623 582 1637 597 ·
1698 552 1835 628 quia
1864 569 1987 610 non
2015 550 2092 610 ha

1516 646 1694 705 bebat
1722 646 2022 705 altitudine

1516 748 1699 799 terrae
1723 771 1736 786 ·
1781 741 1802 773 ⁶
1817 740 2058 817 quando

1517 834 1797 894 exhortus
1824 844 1912 893 est
1940 833 2065 893 sol·

1516 928 1876 987 exaestuauit
1933 937 1991 987 et

1518 1023 1802 1101 quoniam
1833 1040 1954 1081 non
1984 1021 2069 1080 ha-

1518 1118 1643 1176 buit
1669 1116 1927 1176 radicem

1519 1212 1668 1270 aruit
1690 1245 1703 1258 ·
1726 1244 1739 1258 ·
1763 1243 1777 1258 ·
1841 1211 1957 1269 ⁷Et
1984 1208 2140 1269 aliud

1521 1306 1731 1367 cecidit
1759 1306 1819 1364 in
1848 1306 2046 1383 spinas

1524 1412 1582 1461 et
1610 1400 2003 1461 crescentibus

1524 1495 1707 1573 spinis
1737 1494 1960 1554 suffoca

1524 1600 1650 1650 tum
1678 1598 1769 1649 est
1825 1598 1883 1647 et
1910 1587 2034 1646 fruc

1528 1696 1654 1744 tum
1678 1702 1801 1742 non
1828 1682 1985 1741 dedit

1528 1777 1550 1812 ⁸
1568 1777 1648 1837 Et
1673 1777 1828 1837 aliud
1857 1775 2066 1836 cecidit

1530 1875 1589 1932 in
1618 1883 1829 1932 terram
1857 1872 2019 1931 bona

1532 1979 1590 2028 et
1618 1969 1717 2028 dat
1738 1967 1985 2026 fructum

1530 2062 1847 2125 ascendem
1875 2069 1933 2119 et
1960 2068 2082 2117 cres

1533 2167 1765 2218 centem
1830 2165 1887 2213 et
1910 2152 1986 2212 ad

1531 2252 1638 2313 fert
1664 2268 1846 2309 unum
1874 2249 1942 2307 tri

1529 2345 1846 2407 cessimum
1869 2374 1882 2388 ·
1904 2373 1919 2388 ·
1942 2373 1955 2388 ·

1532 2490 1589 2539 et
1617 2475 2080 2553 sexagessimum
2104 2504 2118 2520 ·

1531 2583 1590 2634 et
1622 2589 1807 2632 unum
1828 2580 2041 2630 centen

1533 2668 1748 2728 simum
1772 2696 1787 2712 ·
1871 2664 1989 2722 'Et
2021 2662 2149 2722 dice

1533 2763 1634 2821 bat
1660 2761 1759 2838 qui
1787 2758 1963 2818 habet
1990 2775 2066 2817 au

1533 2873 1627 2915 res
1656 2854 1928 2913 audiendi

1535 2947 1730 3007 audiat
1749 2978 1763 2993 ·
1789 2978 1804 2993 ·
1888 2944 1934 2979 ¹⁰
1950 2945 2028 3004 Et
2056 2962 2192 3004 cum

1537 3051 1689 3101 esset
1717 3040 2024 3116 singularis

1532 3135 1967 3211 interrogabant

1535 3209 1695 3288 inu'm
1729 3227 1993 3305 discipuli

1537 3323 1662 3383 eius
1720 3340 1869 3401 quae
1899 3330 2053 3381 esset

1540 3416 1819 3495 parabola
1847 3418 1957 3475 ista
1975 3447 1989 3462 ·

1539 3511 1581 3545 ¹¹
1602 3521 1659 3570 et
1688 3513 1765 3571 ait
1791 3511 1897 3570 illis
1920 3542 1934 3558 ·
1995 3510 2164 3570 uobis

1539 3608 1740 3668 datum
1769 3616 1856 3665 est
1884 3623 2109 3682 cognos

1538 3719 1670 3760 cere
1698 3700 1971 3776 mysterifi

1538 3795 1704 3872 regni
1726 3795 1786 3853 di
1806 3825 1821 3840 ·
1886 3794 1993 3853 illis

1541 3898 1736 3947 autem
1765 3888 1864 3965 qui
1893 3888 2031 3947 soris

1540 3983 1757 4042 suntin
1785 3999 1992 4059 parata

1536 4076 1687 4136 bolis
1706 4076 1908 4135 omnia
1935 4075 1994 4133 di

1539 4180 1749 4229 cuntur
1767 4200 1782 4216 ·
1825 4166 1870 4201 ¹²
1886 4179 1948 4227 ut
1975 4169 2034 4227 ui

1540 4263 1746 4323 dentes
1772 4262 2011 4322 uideant

1541 4368 1598 4417 et
1627 4373 1749 4415 non
1779 4356 2015 4416 uideant

2318 457 2397 516 Et
2423 457 2725 517 audientes
2754 457 2890 518 audi

2319 562 2423 611 ant
2451 562 2508 611 et
2535 571 2659 611 non
2687 550 2831 612 intel

2318 644 2517 722 legant
2599 664 2674 705 ne
2705 664 2862 724 quan

2322 739 2401 800 do
2429 749 2841 800 conuertantur

2322 843 2381 892 et
2409 832 2697 892 dimittam
2727 834 2812 893 eis

2322 937 2598 1004 peccata·
2677 927 2812 986 ¹³Et
2840 927 2918 987 ait
2945 925 2986 986 il

2321 1021 2391 1079 lis
2419 1020 2653 1081 nescitis
2679 1038 2823 1098 para

2323 1114 2521 1174 bolam
2550 1114 2702 1173 hanc
2724 1146 2739 1161 ·
2823 1114 2903 1174 Et

2325 1208 2630 1285 quomodo
2659 1226 2761 1268 om

2326 1320 2432 1363 nes
2453 1302 2763 1379 parabolas

2327 1397 2695 1472 cognoscetis
2715 1426 2729 1441 ·
2747 1428 2831 1437 —

2328 1490 2370 1524 ¹⁴
2390 1490 2510 1562 Qui
2539 1490 2788 1567 loquitur
2815 1508 2921 1550 uer

2329 1585 2471 1643 bum
2501 1585 2750 1643 seminat
2768 1617 2782 1630 ·

2331 1677 2376 1711 ¹⁶
2397 1675 2479 1735 Hi
2507 1687 2704 1737 autem
2733 1689 2867 1737 sunt
2894 1677 2995 1753 qui

2332 1772 2493 1831 iuxta
2521 1772 2676 1830 uiam
2707 1771 2854 1831 semi

2333 1874 2547 1924 nantur
2628 1866 2729 1943 qui
2757 1884 2874 1942 neg

2334 1961 2593 2036 legenter
2620 1961 2803 2019 uerbt‘x

2336 2054 2663 2131 suscipiunt
2736 2052 2814 2112 Et

2335 2166 2474 2207 cum
2503 2147 2785 2207 audierint

2333 2241 2641 2302 confestim
2668 2241 2828 2299 uenit

2334 2346 2569 2396 satanas
2632 2345 2689 2394 et
2717 2334 2848 2394 aufe

2332 2479 2418 2530 ret
2444 2470 2686 2528 uerbum
2716 2467 2877 2545 quod

2334 2564 2679 2623 seminatum
2708 2573 2796 2621 est
2824 2562 2886 2620 in

2335 2657 2512 2717 corde
2541 2656 2772 2716 illorum
2797 2687 2811 2702 ·
2835 2687 2849 2701 ·
2876 2687 2890 2702 ·

2337 2752 2379 2785 ¹⁶
2396 2751 2471 2809 Et
2497 2750 2557 2809 hi
2586 2761 2719 2809 sunt
2741 2749 2840 2826 qui
2863 2767 3039 2827 supra

2335 2856 2568 2923 petrosa
2588 2843 2858 2903 seminan

2336 2950 2428 2998 tur
2450 2970 2465 2985 ·
2525 2939 2623 3016 qui
2653 2955 2788 2997 cum
2817 2955 2893 2995 au

2338 3044 2546 3104 dierint
2574 3044 2821 3102 uerbum

2338 3158 2474 3199 cum
2502 3137 2717 3216 gaudio
2745 3138 2871 3197 acci

2336 3233 2504 3310 piunt
2532 3232 2669 3291 illud
2713 3232 2754 3265 ¹⁷
2772 3231 2848 3289 Et

2338 3345 2461 3387 non
2488 3326 2708 3385 habent
2735 3325 2858 3384 radi

2339 3439 2471 3480 cem
2499 3421 2560 3478 in
2590 3437 2652 3478 se
2713 3419 2817 3478 sed
2844 3423 2901 3478 te

2339 3514 2571 3592 porales
2601 3522 2734 3572 sunt
2755 3543 2769 3559 ·

2339 3607 2569 3667 Deinde
2597 3607 2767 3666 horta
2793 3606 2864 3664 tri

2340 3700 2636 3761 bulatione
2694 3709 2752 3759 et
2781 3717 2883 3776 per

2341 3795 2640 3855 secutione
2699 3812 2851 3871 prop

2340 3899 2427 3948 ter
2454 3889 2702 3948 uerbum
2763 3906 2880 3947 con

2340 3983 2504 4042 tinuo
2527 3981 2783 4041 scandali

2340 4088 2544 4136 zantur
2564 4109 2577 4123 ·
2604 4108 2616 4124 ·
2645 4108 2658 4122 ·
2746 4074 2787 4108 ¹⁸
2804 4074 2881 4135 Et
2901 4075 2962 4134 hi

2342 4179 2479 4231 sunt
2503 4171 2604 4248 qui
2631 4170 2690 4228 in
2719 4169 2900 4247 spinis

2341 4266 2699 4325 seminantur
2717 4295 2731 4310 ·

2344 4359 2462 4431 Qui
2489 4360 2732 4419 uerbum
2761 4356 3002 4419 audiunt

3323 292 3447 358 [ΙΙΙ.
3473 299 3674 361 33-1V.
3696 308 3782 362 25.
3861 342 3868 350 .

3076 459 3121 493 ¹⁹
3138 459 3216 518 Et
3244 460 3630 521 sollicitudine
3657 462 3750 521 uic
3826 468 3950 517 1⁸01.
3972 467 4093 517 163.

3074 562 3168 613 tus
3231 564 3286 613 et
3314 572 3536 615 errores
3566 573 3710 614 mun

3075 648 3135 707 di
3164 648 3335 707 simul
3365 649 3616 708 inceden

3075 754 3163 801 tes
3192 742 3488 802 soffucant
3515 761 3620 801 uer

3076 837 3219 895 bum
3276 846 3334 895 et
3362 837 3479 896 sine
3508 837 3636 897 fruc

3076 939 3138 988 tu
3165 930 3486 990 efficiuntur
3505 963 3519 977 ·
3541 963 3555 978 ·

3077 1021 3122 1057 '⁰
3137 1024 3214 1082 Et
3240 1024 3302 1082 hi
3329 1035 3464 1083 sunt
3486 1025 3585 1102 qui
3607 1043 3782 1103 supra

3078 1128 3288 1178 terram
3315 1118 3538 1178 bonam
3566 1138 3636 1179 ce

3079 1212 3342 1272 ciderunt
3399 1213 3498 1290 qui
3526 1231 3601 1272 au

3080 1307 3245 1366 diunt
3274 1308 3518 1366 uerbum

3081 1411 3139 1461 et
3167 1402 3491 1478 suscipiunt
3550 1412 3609 1461 et

3081 1495 3426 1555 fructificant
3448 1527 3462 1541 ·

3081 1607 3268 1648 unum
3296 1590 3517 1649 tricessi

3085 1702 3249 1743 mum
3272 1715 3287 1731 ·
3350 1694 3411 1743 et
3438 1700 3623 1743 unum

3085 1779 3549 1855 sexagessimum

3085 1872 3165 1931 Et
3190 1890 3373 1931 unum
3403 1871 3663 1931 centensi

3086 1984 3355 2025 mum···
3416 1963 3560 2024 21Εῑ
3587 1966 3716 2026 dice

3085 2061 3187 2119 bat
3215 2060 3321 2119 illis
3349 2059 3637 2138 numquid

3084 2155 3246 2213 uenit
3272 2153 3511 2214 lucerna

3085 2257 3148 2307 ut
3177 2249 3286 2306 sub
3314 2247 3519 2307 modio
3548 2265 3628 2325 po

3084 2352 3253 2402 natur
3282 2352 3380 2401 aut
3400 2341 3509 2401 sub
3528 2342 3707 2402 lecto·
3730 2373 3812 2384 —

3089 2474 3206 2534 Sed
3232 2484 3296 2533 ut
3328 2492 3503 2551 supra
3537 2493 3650 2535 can

3088 2569 3394 2628 delabrum
3422 2587 3583 2646 pona

3087 2673 3179 2722 tur
3201 2694 3215 2710 ·
3259 2660 3304 2693 ²²
3320 2681 3441 2721 non
3470 2664 3630 2722 enim

3085 2767 3174 2817 est
3196 2757 3544 2816 absconditu

3086 2851 3189 2910 sed
3219 2860 3282 2909 ut
3310 2850 3611 2909 manifeste

3085 2954 3178 3003 tur
3201 2974 3216 2990 ·
3281 2962 3391 3003 nec
3421 2943 3626 3003 factu-

3085 3047 3175 3096 est
3202 3037 3498 3097 occultum

3089 3131 3194 3190 sed
3221 3141 3285 3189 ut
3313 3131 3374 3189 in
3401 3130 3597 3208 palam

3088 3225 3283 3285 ueniat
3300 3254 3315 3271 ·
3386 3223 3431 3257 ²³
3451 3225 3510 3284 Si
3538 3225 3668 3302 quis

3090 3319 3267 3378 habet
3295 3337 3462 3378 aures
3490 3337 3567 3378 au

3093 3413 3286 3473 diendi
3316 3414 3514 3473 audiat
3536 3445 3550 3460 ·

3091 3505 3135 3540 ²⁴
3153 3507 3229 3566 Et
3258 3507 3486 3568 dicebat
3513 3507 3622 3568 illis
3649 3508 3709 3567 ui

3091 3601 3220 3661 dete
3243 3600 3545 3679 quomodo

3092 3695 3336 3755 audiatis
3358 3727 3372 3741 ·
3437 3697 3498 3754 in
3529 3714 3648 3773 qua

3092 3808 3368 3849 mensura
3393 3791 3566 3850 metie

3091 3884 3213 3943 ritis
3241 3885 3505 3943 metietur
3531 3904 3612 3944 uo

3091 3978 3180 4037 bis
3241 3988 3300 4037 et
3326 3980 3604 4039 adicietur

3092 4073 3262 4132 uobis
3290 4074 3392 4151 qui
3421 4074 3629 4133 auditis
3651 4106 3666 4121 ·

3090 4164 3136 4199 ’ὅ
3155 4167 3275 4239 Qui
3302 4169 3459 4226 enim
3489 4169 3662 4228 habet
3689 4168 3767 4228 da

3092 4262 3244 4320 bitur
3271 4262 3351 4321 illi
3408 4273 3466 4321 et
3494 4263 3596 4340 qui
3625 4281 3748 4323 non

3091 4355 3267 4417 habet
3323 4357 3500 4416 etiam
3529 4358 3691 4435 quod
