4414 4917
610 376 749 425 x1x.
771 370 955 439 7-31.]
1886 352 2110 414 IOHA
2122 334 2363 412 NNE·
3540 336 3625 420 69

305 556 433 605 ποι.
456 556 580 604 246.
611 537 635 572 ⁷
655 532 1114 613 Responderunt
1142 530 1196 590 ei
1363 528 1522 590 foras
1550 527 1671 587 ihm
1698 534 1757 586 et
1777 526 1925 586 sedit
2171 539 2316 599 ergo
2345 516 2572 579 titulum
2601 514 2721 576 mul
2928 512 2974 549 ¹³
2993 511 3194 573 Stabat
3222 520 3416 570 autem
3444 529 3551 588 pro
3643 514 3766 563 ποι.
3793 513 3919 565 24¹7.

612 630 807 690 iudaei
832 660 846 676 ·
912 627 1044 687 Nos
1074 626 1265 702 legem
1365 642 1475 700 pro
1506 622 1774 681 tribunali
1801 622 1863 679 in
2172 616 2215 674 ti
2242 616 2502 693 legerunt
2531 611 2602 670 de
2633 610 2767 670 iude
2923 627 3000 687 pe
3031 626 3205 668 cruce
3235 607 3335 665 ihu
3363 617 3552 665 mater

612 726 900 785 habemus
968 732 1027 782 et
1057 739 1239 780 secun
1364 717 1562 776 locum
1592 716 1691 792 qui
1723 715 1963 773 dicitur·
2171 710 2221 768 is
2245 741 2259 755 ·
2332 708 2467 786 quia
2495 724 2678 783 prope
2712 713 2830 763 erat
2921 703 3071 761 illius
3095 734 3109 749 ·
3174 712 3235 761 et
3262 719 3430 761 soror
3457 718 3558 760 ma

614 821 756 881 dum
783 819 977 894 legem
1004 822 1206 875 nostra
1366 811 1769 888 lapidestratus
1828 809 1903 867 he
2170 802 2335 862 locus
2365 821 2400 860 a
2427 800 2693 859 ciuitatae
2717 829 2732 844 ·
2921 798 3023 855 tris
3050 797 3174 855 eius
3201 795 3383 854 maria
3411 795 3501 855 cle

614 914 785 973 debet
813 913 959 972 mori
1028 911 1166 988 quia
1365 905 1561 964 breiee
1589 914 1782 963 autem
1810 903 1928 978 gab
2169 896 2271 954 ubi
2300 894 2636 954 crucifixsus
2663 900 2750 950 est
2921 908 3036 968 ope
3104 900 3163 950 et
3189 890 3375 949 maria
3403 907 3545 967 mag

614 1008 796 1067 filium
824 1007 885 1066 dr
913 1024 976 1065 se
1004 1005 1138 1064 fecit
1161 1035 1177 1051 ·
1366 999 1504 1058 bata
1523 1029 1537 1044 ·
1580 996 1624 1029 ¹⁴
1641 1006 1763 1056 erat
1789 1006 1984 1055 autem
2170 987 2261 1046 ihs
2280 1019 2295 1034 ·
2359 995 2419 1046 et
2444 996 2565 1045 erat
2593 986 2746 1044 scrib
2923 985 3133 1045 dalena
3152 1016 3166 1031 ·
3208 982 3252 1017 ²⁶
3269 983 3358 1042 ihs
3384 1001 3528 1061 ergo

615 1100 637 1134 ⁸
656 1101 810 1161 Cum
839 1117 981 1176 ergo
1010 1098 1231 1158 audiuit
1252 1097 1314 1174 pi
1366 1109 1680 1169 parasceue
1709 1090 1928 1168 pascha
2170 1093 2297 1142 tum
2357 1081 2626 1141 hebreice
2654 1098 2757 1156 gre
2922 1090 2986 1138 ut
3006 1079 3151 1138 uidit
3176 1088 3421 1137 matrem

615 1196 763 1255 latus
790 1194 903 1253 hoe
931 1194 1173 1252 uerbum
1365 1186 1511 1245 hora
1538 1186 1704 1262 quasi
1735 1193 1896 1243 sexta
2172 1195 2240 1236 ce
2268 1184 2328 1235 et
2356 1175 2534 1234 latine
2562 1206 2577 1221 ·
2621 1171 2665 1206 ²¹
2683 1173 2833 1233 Dice
2923 1180 2982 1231 et
3008 1171 3359 1249 discipulum
3386 1170 3465 1230 ad

614 1290 803 1365 magis
831 1288 1017 1346 timuit
1037 1318 1051 1334 ·
1096 1288 1117 1320 ⁹
1134 1286 1213 1345 Et
1365 1281 1442 1339 Et
1461 1280 1606 1339 dixit
1632 1279 1853 1338 iudaeis
1908 1296 2046 1337 ecee
2171 1271 2314 1328 bant
2342 1285 2484 1345 ergo
2512 1268 2694 1345 pilato
2926 1276 3175 1325 stantem
3195 1283 3371 1343 quem
3404 1263 3465 1323 di

617 1383 877 1442 introiuit
905 1383 1113 1440 iterum
1365 1393 1466 1434 rex
1489 1383 1681 1432 uester
1700 1404 1714 1419 ·
1757 1371 1803 1405 ²⁵
1819 1372 1987 1431 excla
2172 1364 2465 1441 principes
2496 1362 2777 1422 iudaeorii
2925 1360 3143 1438 ligebat
3166 1390 3181 1407 ·
3245 1360 3347 1418 Ait
3374 1358 3549 1418 matri

618 1478 677 1535 in
704 1476 994 1554 praetorio
1023 1476 1236 1552 pilatus
1257 1504 1271 1520 ·
1367 1477 1675 1527 mauerunt
1691 1475 1886 1526 autem
2172 1457 2232 1517 N
2236 1475 2318 1516 on
2351 1457 2603 1516 scribere
2635 1473 2737 1514 rex
2767 1455 2828 1512 iu
2927 1473 3068 1514 suae
3135 1454 3341 1513 mulier
3365 1471 3505 1513 ecee

617 1581 676 1632 et
702 1572 781 1630 ait
809 1570 884 1630 ad
913 1570 1034 1628 ihm
1102 1568 1260 1628 unde
1368 1562 1447 1621 illi
1511 1561 1646 1621 tolle
1674 1561 1813 1620 tolle
1843 1578 1946 1619 cru
2171 1550 2454 1610 daeorum
2477 1582 2492 1596 ·
2559 1547 2679 1608 Sed
2710 1548 2851 1625 quia
2929 1549 3079 1607 filius
3107 1559 3240 1607 tuus
3264 1579 3279 1595 ·
3321 1544 3368 1580 ²⁷
3388 1548 3527 1606 dein

618 1682 681 1726 es
707 1676 772 1725 tu
791 1698 805 1713 ·
868 1665 963 1723 ihs
994 1674 1193 1722 autem
1368 1657 1539 1730 cifige
1560 1656 1723 1714 illum
1746 1686 1761 1700 ·
1826 1654 1925 1712 Ait
2174 1646 2298 1722 ipse
2327 1644 2473 1703 dixit
2529 1662 2634 1702 rex
2665 1649 2735 1701 ssi
2928 1644 3001 1703 de
3030 1642 3167 1702 dicit
3195 1641 3487 1718 discipulo

619 1776 967 1837 responsum
1003 1758 1081 1816 illi
1111 1775 1235 1815 non
1368 1751 1478 1809 illis
1507 1750 1716 1827 pilatus
1746 1753 1882 1825 rege
2173 1738 2517 1797 iudaeorum
2539 1767 2554 1783 ·
2597 1734 2641 1767 ²²
2658 1736 2782 1796 Res
2929 1756 3066 1797 ecce
3094 1746 3280 1795 mater
3307 1745 3407 1794 tua
3429 1764 3445 1780 ·

622 1856 779 1916 dedit
805 1885 818 1900 ·
865 1854 908 1887 ¹⁰
925 1852 1087 1911 Dicit
1115 1850 1193 1908 illi
1223 1851 1285 1927 pi
1367 1854 1628 1904 uestrum
1656 1842 1857 1901 crucifi
2174 1833 2385 1911 pondit
2413 1832 2626 1910 pilatus
2654 1829 2807 1908 qu⁰d
2929 1831 3026 1890 Ex
3054 1831 3150 1889 illa
3178 1829 3323 1888 hora
3350 1827 3578 1906 accepit

588 1992 591 1997 «
619 1949 766 2009 latus
836 1947 976 2006 mibi
1007 1963 1131 2003 non
1160 1944 1218 2003 lo
1369 1958 1509 2015 gam
1530 1969 1545 1985 ·
1619 1935 1945 2014 Responde
2176 1927 2385 2003 scripsi
2414 1926 2619 2003 scripsi
2649 1950 2731 1978 ω
2931 1925 3089 1984 illam
3117 1922 3435 2000 discipulus

619 2043 846 2121 quaeris
866 2073 880 2088 ·
925 2040 1116 2098 nescis
1138 2038 1278 2116 quia
1370 2043 1503 2092 mnt
1524 2031 1818 2110 principes
1840 2047 1907 2088 sa
2127 2018 2157 2051 *
2182 2019 2227 2054 '³
2244 2020 2461 2079 Milites
2477 2037 2618 2095 ergo
2640 2028 2847 2096 postea
2865 2048 2879 2063 ·
2932 2020 2994 2078 in
3024 2037 3130 2078 sua
3159 2049 3172 2065 ·
3216 2015 3260 2051 ²⁸
3283 2017 3418 2077 Po⁸t
3443 2016 3592 2076 haec

618 2146 963 2215 potestatem
990 2135 1180 2194 habeo
1370 2128 1671 2187 cerdotum
1731 2142 1856 2183 non
1884 2123 1962 2183 ha
2128 2113 2158 2146 *
2184 2132 2363 2192 quam
2391 2114 2801 2173 crucifixerunt
2932 2114 3124 2173 sciens
3151 2112 3241 2171 ihs
3267 2113 3406 2188 quia
3432 2129 3536 2171 om

619 2233 953 2309 crucifigere
982 2240 1039 2289 te
1108 2229 1187 2287 Et
1367 2222 1575 2281 bemus
1601 2236 1801 2295 regem
1871 2216 1932 2276 ni
2127 2207 2157 2240 *
2181 2210 2306 2268 ihm
2360 2207 2712 2267 sustulerunt
2932 2208 3032 2266 nia
3061 2208 3178 2266 iam
3206 2224 3457 2266 consum

619 2337 963 2404 potestatem
989 2324 1180 2383 habeo
1371 2317 1419 2377 si
1441 2330 1737 2376 caesarem
1756 2342 1770 2358 ·
1816 2311 1858 2344 ¹⁶
1875 2321 2013 2372 tunc
2177 2303 2529 2362 uestimenta
2551 2302 2703 2366 illius
2932 2311 3092 2361 mata
3118 2310 3253 2360 sunt
3270 2331 3286 2348 ·
3348 2309 3413 2358 ut
3439 2299 3522 2359 im

621 2460 904 2520 dimittere
927 2470 984 2518 te
1007 2488 1022 2504 ·
1066 2454 1109 2491 ²¹
1127 2454 1249 2516 Res
1368 2467 1513 2526 ergo
1534 2443 1749 2507 tradidit
1770 2444 1855 2504 eis
1883 2442 2050 2502 illu-·
2175 2445 2235 2496 et
2255 2433 2519 2495 fecerunt
2545 2445 2690 2514 quat
2930 2435 3183 2514 pleretur
3210 2433 3494 2511 scriptura
3512 2463 3528 2479 .
3555 2463 3572 2480 .

619 2556 825 2633 pondit
856 2554 944 2613 ihs
1013 2570 1136 2611 non
1158 2551 1238 2610 ha
1368 2556 1433 2604 ut
1460 2542 1890 2619 crucifigeretur
2174 2539 2307 2589 tuor
2326 2539 2520 2607 partes
2539 2560 2553 2575 ·
2611 2530 2715 2588 uni
2931 2530 3122 2590 Dixit·
3143 2529 3275 2589 sitio
3294 2560 3308 2575 ·
3331 2526 3636 2605 ”peluiser

621 2651 787 2710 beres
815 2650 877 2708 in
904 2666 1000 2707 me
1029 2656 1258 2723 potesta
1371 2637 1742 2713 Receperunt
1769 2649 1912 2709 ergo
1947 2630 2069 2689 ihm
2174 2625 2421 2701 cuiquae
2450 2623 2616 2682 militi
2644 2642 2750 2701 par
2930 2644 3010 2702 go
3036 2625 3233 2702 posita
3260 2632 3384 2681 erat
3411 2639 3517 2681 ace

623 2754 737 2804 tem
765 2744 945 2803 ullam
966 2773 981 2789 .
1046 2740 1159 2799 nisi
1187 2740 1264 2799 da
1371 2742 1428 2792 et
1457 2731 1824 2791 adduxerunt
1842 2757 1856 2773 ·
1901 2723 1945 2759 ¹⁷
1964 2735 2023 2785 et
2176 2728 2294 2776 tem
2316 2727 2375 2777 et
2395 2718 2656 2776 tunicam
2674 2749 2688 2764 ·
2926 2730 2990 2779 to
3011 2718 3186 2795 plena
3206 2748 3221 2764 ·
3288 2715 3555 2793 Spongia

621 2847 744 2897 tum
772 2838 877 2896 tibi
906 2834 1108 2894 fuisset
1137 2834 1209 2893 de
1370 2836 1607 2903 portans
1624 2840 1862 2883 crucem
1880 2829 2051 2879 ειη-’-
2176 2810 2322 2870 Erat
2348 2822 2543 2870 autem
2572 2812 2772 2872 tunica
2930 2831 3073 2890 ergo
3102 2811 3495 2888 impleuerunt

624 2950 853 2992 sursum
877 2961 891 2977 ·
955 2939 1192 3007 propter
1372 2919 1551 2978 exiuit
1580 2918 1640 2975 in
1667 2917 1866 2975 locum
1895 2914 1997 2992 qui
2176 2907 2274 2965 illa
2303 2924 2424 2966 non
2452 2907 2756 2966 consutilis
2781 2938 2796 2955 ·
2931 2917 3102 2967 aceto
3131 2916 3189 2966 et
3217 2905 3347 2965 felle
3374 2914 3433 2963 et
3459 2903 3540 2982 hy

624 3026 733 3087 hoc
761 3026 862 3104 qui
891 3023 1124 3083 tradidit
1144 3041 1238 3081 me
1372 3014 1582 3073 dieitur
1611 3010 1899 3070 caluariae
1928 3008 1988 3067 lo
2179 3001 2429 3082 desuper
2457 3009 2736 3061 contexta
2932 3018 3146 3078 sopum
3174 3000 3475 3077 circumpo

622 3122 721 3181 tibi
749 3121 940 3180 maius
968 3126 1262 3195 peccatu·-
1372 3126 1477 3168 cus
1496 3138 1511 3154 ·
1573 3104 1734 3185 quod
1764 3103 1957 3181 apella
2178 3114 2285 3172 per
2312 3104 2501 3154 totum
2521 3125 2536 3142 ·
2579 3092 2799 3156 ”Dixe
2932 3106 3140 3155 nentes
3168 3093 3503 3171 optulerunt

623 3214 794 3276 habet
811 3247 826 3261 ·
857 3212 901 3245 ¹²
918 3212 1148 3271 Exinde
1172 3228 1320 3288 quae
1371 3211 1463 3260 tur
1491 3201 1717 3261 ebreice
1745 3198 1924 3275 golgo
2177 3199 2314 3248 runt
2341 3206 2485 3265 ergo
2513 3188 2589 3252 ad
2618 3189 2811 3250 inuice
2933 3190 3020 3249 ori
3042 3189 3191 3248 illius
3214 3219 3229 3235 ·
3272 3187 3320 3221 ³⁰
3338 3186 3493 3246 Cum
3521 3205 3584 3247 er

621 3312 781 3369 rebat
809 3307 1023 3385 pilatus
1052 3305 1221 3364 dimit
1374 3296 1474 3356 tha
1497 3329 1510 3342 ·
1573 3294 1615 3327 ¹⁸
1633 3293 1873 3352 ubillum
1909 3307 2012 3349 cru
2179 3301 2302 3343 non
2331 3283 2668 3342 scindamus
2697 3283 2843 3342 illa*
2863 3307 2878 3323 ·
2934 3302 3014 3360 go
3036 3283 3357 3358 accepisset
3385 3280 3476 3339 ihs

621 3414 732 3463 tere
760 3421 898 3462 eum
921 3431 937 3447 ·
970 3387 1200 3458 'Iudaei
1229 3415 1305 3456 au
1374 3391 1680 3450 cifixerunt
1702 3420 1715 3433 ·
1786 3397 1843 3445 et
1870 3402 2007 3444 cum
2180 3376 2286 3437 sed
2314 3377 2622 3468 sortiamur
2643 3376 2717 3436 de
2745 3377 2785 3436 il
2935 3386 3166 3437 acetum
3196 3376 3341 3435 dixit
3369 3391 3489 3433 con

620 3508 735 3557 tem
763 3494 1164 3556 uociferabant
1375 3503 1449 3545 eo
1479 3485 1624 3543 alios
1653 3482 1804 3540 duos
1859 3478 1974 3538 hac
2179 3472 2238 3531 la
2265 3471 2430 3531 cuius
2458 3471 2531 3529 sit
2549 3501 2563 3517 ·
2623 3480 2686 3529 ut
2709 3471 2864 3530 scrib
2935 3481 3289 3528 summatum
3316 3479 3405 3528 est

625 3592 882 3652 dicentes
913 3620 929 3636 ·
990 3588 1052 3648 Si
1083 3587 1241 3646 hunc
1375 3590 1433 3639 et
1460 3578 1588 3637 illac
1611 3608 1626 3623 ·
1686 3574 1947 3639 medium
1975 3589 2050 3630 au
2181 3575 2310 3624 tura
2337 3565 2643 3641 impleatur
2665 3595 2680 3610 ·
2934 3563 3013 3622 Et
3040 3562 3327 3622 inclinans
3356 3561 3549 3640 capud

624 3686 911 3747 dimiseris
968 3701 1089 3741 non
1120 3699 1184 3741 es
1372 3684 1493 3733 tem
1522 3673 1644 3730 ihm
1667 3700 1682 3716 ·
1726 3663 2056 3742 1‘'conscrip
2181 3678 2331 3737 quae
2360 3658 2504 3717 dixit
2525 3689 2541 3703 ·
2599 3657 2805 3718 Diuise
2934 3655 3164 3715 tradidit
3192 3660 3326 3731 spm
3348 3686 3364 3702 ·

625 3783 847 3841 amicus
876 3777 1128 3837 caesaris
1155 3806 1170 3821 ·
1272 3758 1279 3764 ’
1375 3770 1449 3828 sit
1476 3776 1670 3827 autem
1698 3763 1873 3823 etiam
1901 3761 2007 3819 titu
2180 3763 2315 3813 runt
2342 3752 2688 3811 uestimenta
2932 3747 2978 3784 ⁸¹
2997 3749 3164 3808 Iudei
3182 3759 3403 3809 autem·
3431 3759 3498 3808 ut
3513 3767 3640 3809 non

625 3874 835 3936 Omnis
856 3872 1015 3932 enirn
1037 3871 1137 3947 qui
1165 3873 1303 3944 rege
1373 3864 1496 3922 lum
1523 3860 1734 3938 pilatus
1801 3866 1859 3915 et
1886 3874 1967 3934 po
2182 3865 2316 3907 mea
2343 3846 2454 3905 sibi
2522 3856 2581 3904 et
2607 3861 2783 3926 super
2934 3854 3195 3903 maneret
3226 3861 3401 3921 super
3428 3861 3531 3903 cru

625 3986 684 4029 se
713 3969 852 4027 facit
913 3963 1180 4025 contradi
1374 3959 1489 4018 suit
1518 3972 1693 4031 super
1715 3960 1938 4011 cruce*-
1956 3979 1972 3995 ·
2182 3942 2532 4001 uestimenta
2560 3956 2696 3997 mea
2936 3956 3066 3998 cem
3095 3954 3346 4014 corpora
3373 3938 3434 3995 in
3463 3938 3570 3996 sab

626 4064 703 4122 cit
728 4059 950 4123 caesari
972 4091 988 4105 ·
1032 4058 1072 4092 ¹³
1092 4057 1308 4116 Pilatus
1371 4052 1514 4111 Erat
1541 4057 1738 4109 autem
1758 4045 2022 4121 scriptu*
2039 4073 2053 4088 ·
2181 4037 2464 4095 miserunt
2491 4042 2706 4092 sortem
2728 4062 2744 4078 ·
2935 4032 3075 4091 bato
3097 4061 3113 4077 ·
3173 4037 3317 4106 qfim
3345 4047 3494 4089 cena
3519 4047 3601 4107 pu

628 4167 940 4234 postquam
962 4152 1183 4212 audiuit
1374 4149 1464 4207 ihs
1492 4158 1774 4204 nazoreus
1794 4170 1809 4185 ·
1873 4155 1976 4197 rex
2182 4131 2262 4190 Et
2286 4127 2494 4188 milites
2521 4124 2761 4201 quidem
2936 4143 3002 4184 ra
3029 4132 3152 4182 erat
3180 4147 3194 4162 ·
3255 4122 3398 4182 Erat
3426 4129 3558 4183 aute

626 4252 803 4312 uerba
819 4250 968 4310 haec
993 4280 1007 4294 ·
1050 4243 1326 4323 produxit
1376 4243 1721 4302 iudaeorum
1744 4264 1758 4281 ·
1801 4229 1846 4264 ²⁰
1865 4231 2045 4291 Hunc
2182 4226 2330 4285 haec
2358 4221 2617 4281 fecerunt
2940 4234 3190 4296 magnus
3220 4218 3343 4277 dies
3372 4217 3523 4279 illius
