4414 4917
651 335 741 383 ιιι.
771 333 963 396 η-ιν.
993 326 1100 393 10.]

294 499 445 550 rol.
465 499 606 548 200.
651 491 760 551 dus
788 509 893 568 per
920 491 1120 566 ipsum
1146 518 1160 534 ·

648 584 692 617 ¹⁸
709 585 810 661 qui
839 584 1027 642 credit
1055 583 1118 640 in
1146 598 1283 640 eum

649 695 769 737 non
800 676 1142 736 iudicabitur
1161 706 1175 721 ·

650 772 747 847 qui
774 756 931 833 {tem
962 786 1087 828 non
1117 786 1213 827 cre

652 864 736 923 dit
763 864 879 923 iam
906 862 1196 921 iudicatus

652 967 774 1016 est·
833 962 976 1034 qiim
1005 973 1127 1015 non
1155 973 1254 1014 cre

653 1050 735 1110 dit
763 1052 825 1110 in
855 1050 1095 1108 nomine
1127 1049 1227 1107 uni

651 1144 830 1221 geniti
859 1142 955 1201 filii
986 1143 1047 1202 di
1065 1174 1079 1188 ·
1108 1175 1121 1189 ·

653 1236 696 1271 ¹⁹
715 1237 854 1296 Hoc
885 1245 973 1295 est
990 1245 1186 1294 autem
1217 1236 1338 1295 iudi

653 1330 808 1389 cium
827 1361 842 1377 ·
900 1334 1042 1406 qfim
1070 1328 1171 1387 lux

652 1425 810 1483 uenit
835 1425 899 1482 in
930 1423 1086 1482 hunc
1114 1442 1260 1483 mun

654 1518 794 1577 dum
817 1548 832 1564 ·
892 1528 949 1576 et
978 1517 1165 1577 dilexe

654 1623 785 1670 runt
814 1611 1083 1670 homines
1111 1629 1193 1689 po

655 1706 766 1764 tius
793 1706 1061 1764 tenebras

656 1817 833 1875 quam
863 1799 1061 1858 lumen
1086 1830 1101 1845 ·
1158 1797 1214 1857 E

654 1902 783 1952 rant
809 1894 967 1951 enim
999 1910 1179 1970 opera

655 2004 857 2046 eorum
884 1986 1041 2046 mala
1060 2017 1075 2032 ·
1132 1985 1179 2020 ²⁰
1195 2003 1300 2045 om

656 2080 745 2138 nis
771 2080 931 2138 enim
959 2080 1059 2156 qui
1090 2078 1244 2138 mala

655 2173 775 2249 agit
802 2173 927 2232 odit
955 2173 1154 2232 lumen

655 2276 712 2325 et
738 2284 860 2326 non
886 2268 1047 2326 uenit
1074 2267 1150 2325 ad
1176 2267 1236 2325 lu

658 2371 872 2422 secanda
927 2372 1198 2423 domeneca
1260 2373 1359 2424 lec·

658 2449 844 2500 tionem
890 2465 987 2515 que
1033 2450 1217 2501 debeat
1261 2451 1362 2516 legi

659 2561 787 2601 cem
811 2574 827 2589 ·
887 2561 962 2601 ne
991 2543 1238 2602 manifes

659 2644 847 2695 tentur
875 2655 1058 2714 opera
1083 2637 1207 2697 eius
1230 2668 1245 2684 ·

660 2727 702 2764 ²²
720 2731 820 2809 qui
849 2741 1046 2790 autem
1075 2730 1211 2790 facit
1238 2749 1313 2790 ue

663 2823 888 2883 ritatem
970 2824 1130 2882 uenit

662 2917 735 2976 ad
762 2919 959 2977 lumen
1040 2927 1104 2977 ut
1130 2936 1230 2979 ma

662 3011 996 3071 nisestentur
1023 3031 1138 3090 ope

662 3122 724 3163 ra
749 3106 875 3164 eius
904 3112 1047 3183 qiirn
1075 3107 1139 3165 in
1166 3106 1246 3166 df>

662 3208 792 3257 sunt
820 3199 1072 3277 perfecta
1092 3232 1107 3246 ·
1129 3225 1212 3252 -t-

607 3297 637 3335 *
661 3288 861 3352 ”Post
889 3292 996 3352 hec
1022 3295 1183 3353 uenit
1210 3295 1301 3354 ihs

609 3391 639 3429 ¹⁸¹
663 3396 718 3444 et
745 3386 1007 3463 discipuli
1034 3388 1158 3446 eius

606 3483 636 3521 ³⁸¹
661 3480 721 3538 in
748 3480 982 3539 iudeam
1010 3489 1209 3540 terra-

658 3583 714 3633 et
739 3574 819 3633 ibi
847 3585 1105 3634 moratur
1132 3585 1257 3635 cu-

665 3669 748 3727 eis
772 3678 831 3727 et
858 3669 1189 3745 baptizabat
1211 3700 1227 3716 ·

659 3759 701 3795 ¹⁸
716 3771 837 3822 erat
865 3772 1058 3821 autem
1085 3763 1264 3822 iohan

662 3873 763 3916 nes
790 3857 1093 3933 baptizans
1120 3857 1181 3915 in

664 3967 853 4009 aenon
881 3950 1044 4008 iuxta
1071 3951 1245 4010 salim

663 4049 803 4121 qum
831 4062 1015 4120 aquae
1044 4044 1259 4104 multae

664 4148 824 4197 erant
852 4138 967 4198 illic
989 4169 1005 4185 ·
1062 4148 1121 4198 et
1148 4157 1221 4198 ue

666 4231 895 4290 niebant
921 4242 980 4292 et
1004 4233 1239 4309 baptiza

664 4321 867 4385 bantur
889 4357 903 4373 ·
967 4323 1012 4361 ⁸¹
1033 4326 1300 4387 nondum

1882 316 1930 375 I
1931 315 2108 379 OHA
2117 314 2405 378 NNEN
2418 343 2435 360 ·

1406 487 1565 546 enim
1592 485 1773 545 misus
1801 494 1926 545 erat

1408 581 1469 639 in
1498 598 1729 639 carcere
1757 580 1938 639 iohan

1407 692 1512 733 nes
1531 706 1546 721 ·
1605 672 1650 707 ’ὅ
1668 674 1913 734 Factum
1941 684 2031 733 est

1406 786 1550 845 ergo
1577 778 1639 826 ut
1671 769 1829 827 fieret
1857 786 2001 845 ques

1407 863 1488 922 tio
1560 864 1708 922 inter
1735 863 1962 940 discipu

1407 957 1497 1016 los
1525 957 1796 1015 iohannis
1823 968 1879 1016 et
1908 957 1968 1014 iu

1407 1050 1585 1109 daeos
1616 1051 1688 1110 de
1717 1051 1955 1128 purifica

1408 1146 1568 1204 tione
1590 1176 1605 1192 ·
1666 1146 1711 1180 ²⁸
1728 1155 1784 1205 et
1813 1156 2092 1204 uenerunt

1408 1239 1483 1298 ad
1514 1239 1831 1298 iohannem
1860 1250 1917 1298 et
1946 1239 2047 1298 dix

1406 1343 1574 1392 erunt
1601 1334 1682 1392 illi
1710 1365 1725 1379 ·
1786 1334 1952 1393 rabbi

1408 1428 1508 1505 qui
1536 1437 1658 1486 erat
1684 1437 1879 1486 tecum

1407 1532 1567 1580 trans
1597 1522 1899 1581 iordanem

1407 1615 1501 1674 cui
1531 1624 1592 1674 tu
1623 1616 2021 1675 testimonium

1409 1708 1639 1767 dixisti·
1695 1727 1834 1768 ecce
1862 1710 1959 1770 hic

1406 1802 1619 1861 batizat
1646 1812 1705 1861 et
1732 1820 1939 1861 omnes

1407 1896 1648 1954 ueniunt
1678 1895 1754 1953 ad
1782 1913 1918 1953 eum
1936 1926 1951 1942 ·

1407 1985 1452 2021 ¹⁷
1472 1988 1800 2065 Respondit
1821 1988 2093 2048 iohannis

1410 2091 1469 2141 et
1498 2082 1641 2141 dixit
1659 2114 1674 2128 ·
1740 2100 1862 2143 non
1890 2101 1971 2159 po

1409 2185 1521 2234 test
1548 2174 1731 2236 homo
1760 2177 1960 2254 accipe

1410 2288 1472 2328 re
1501 2269 1716 2346 aliquid
1745 2271 1856 2329 nisi
1883 2270 1945 2329 fu

1412 2540 1518 2599 erit
1536 2540 1591 2599 ei
1613 2540 1815 2600 datum
1838 2541 1910 2601 de
1931 2541 2093 2600 caelo

1410 2632 1455 2667 ¹⁸
1475 2635 1587 2712 ipsi
1613 2653 1725 2694 uos
1754 2636 1899 2694 mihi
1928 2636 2057 2694 testi

1411 2730 1677 2788 monium
1704 2730 1944 2807 perhibe

1410 2825 1484 2881 tis
1504 2854 1519 2869 ·
1578 2830 1724 2900 qum
1754 2824 1875 2883 dixi
1904 2841 2026 2883 non

1412 2934 1542 2975 sum
1569 2935 1684 2994 ego
1714 2923 1825 2994 xps
1910 2917 2027 2977 Sed

1412 3017 1556 3088 qfim
1584 3012 1795 3071 missus
1823 3030 1953 3071 sum

1411 3114 1545 3164 ante
1573 3105 1766 3182 ipsum
1786 3136 1801 3152 ·

1412 3196 1456 3232 ²⁰
1475 3199 2033 3277 quihabetsponsam

1413 3309 1665 3369 sponsus
1692 3303 1779 3352 est
1798 3325 1813 3339 ·
1874 3293 2013 3351 Ami

1413 3404 1517 3445 cus
1546 3396 1739 3445 autem
1769 3387 1972 3464 sponsi

1414 3480 1514 3557 qui
1543 3489 1654 3538 stat
1681 3490 1740 3539 et
1768 3481 1927 3540 audit
1955 3486 2029 3541 eii

1413 3573 1630 3649 gaudio
1659 3574 1872 3650 gaudet

1411 3677 1651 3744 propter
1678 3685 1887 3727 uocem
1918 3681 2059 3746 spon

1411 3761 1495 3819 si·
1558 3760 1673 3820 hoc
1702 3762 1931 3838 itaquae

1410 3873 1606 3914 meum
1634 3857 1910 3932 gaudium

1410 3949 1691 4026 repletum
1718 3960 1805 4009 est
1824 3981 1839 3996 ·
1903 3951 1949 3984 ⁸⁰
1966 3950 2066 4009 illii

1410 4043 1571 4101 enim
1598 4054 1831 4120 oportet
1860 4061 1984 4103 cres

1411 4154 1544 4195 cere
1568 4167 1583 4182 ·
1647 4154 1742 4195 me
1771 4147 1963 4196 autem

1410 4230 1596 4288 minui
1614 4261 1629 4276 ·
1691 4228 1736 4262 ⁸¹
1754 4232 1853 4308 qui
1879 4231 2037 4290 enirn

1411 4323 1484 4382 de
1512 4341 1712 4383 susum
1739 4325 1897 4385 uenit

2217 503 2390 562 super
2418 501 2625 544 omnes
2652 492 2738 542 est
2764 513 2779 529 ·

2217 579 2320 655 qui
2347 589 2540 637 autem
2569 586 2655 635 est
2684 577 2757 636 de

2216 682 2366 731 terra
2395 671 2466 730 de
2494 682 2644 730 terra
2670 681 2758 729 est
2779 703 2792 717 ·

2216 776 2274 824 et
2302 765 2374 825 de
2402 776 2553 824 terra
2581 764 2740 841 loqui

2216 870 2308 919 tur
2331 890 2346 905 ·
2408 860 2508 937 qui
2536 868 2729 917 autern

2220 954 2295 1012 de
2325 954 2451 1012 celo
2479 953 2640 1012 uenit
2669 970 2738 1011 su

2218 1065 2322 1124 per
2350 1063 2557 1105 omnes
2585 1057 2672 1105 est
2692 1076 2708 1092 ·

2215 1140 2261 1174 ⁸2
2277 1140 2354 1198 Et
2382 1139 2542 1216 quod
2569 1139 2714 1198 uidit
2741 1149 2800 1198 et
2828 1157 2903 1199 au

2218 1233 2361 1293 diuit
2389 1233 2505 1294 hoc
2533 1234 2779 1293 testifica

2215 1340 2307 1387 tur
2326 1359 2340 1374 ·
2398 1338 2456 1387 et
2485 1327 2717 1386 testimo

2217 1422 2379 1480 nium
2408 1422 2532 1479 eius
2561 1439 2738 1480 nemo

2217 1516 2429 1592 accipit
2453 1546 2468 1561 ·
2528 1515 2572 1547 ³³
2590 1516 2690 1591 qui
2720 1519 2852 1573 aute

2218 1609 2432 1685 accipit
2460 1608 2587 1667 eius
2617 1609 2751 1667 testi

2218 1703 2483 1762 monium
2513 1703 2682 1779 signa

2217 1798 2301 1856 uit
2329 1797 2466 1875 quia
2497 1797 2565 1856 ds
2592 1814 2770 1855 uerax

2217 1900 2340 1949 est·
2400 1889 2447 1923 ⁸⁴
2465 1896 2608 1967 qiim
2638 1907 2818 1966 quem

2220 1984 2289 2043 ds
2310 1984 2464 2042 misit
2491 1984 2671 2042 uerba
2699 1984 2760 2042 di

2217 2077 2471 2154 loquitur
2493 2108 2508 2123 ·
2573 2094 2697 2135 non

2219 2171 2377 2229 enim
2405 2169 2481 2228 ad
2509 2178 2826 2229 mensura-

2221 2264 2321 2323 dat
2348 2264 2418 2323 ds
2446 2268 2579 2340 siim
2599 2295 2613 2309 ·
2671 2263 2897 2323 ⁸“Pater

2223 2546 2410 2622 diligit
2439 2546 2619 2605 filiurn
2640 2578 2654 2593 ·
2714 2557 2772 2606 et

2223 2641 2424 2699 omnia
2454 2641 2612 2699 dedit
2641 2641 2702 2699 in
2729 2658 2828 2699 ma

2222 2752 2304 2793 nu
2330 2734 2455 2793 eius
2475 2765 2490 2780 ·
2569 2731 2615 2768 ⁸⁶
2632 2735 2733 2813 qui
2761 2754 2863 2795 cre

2222 2827 2306 2886 dit
2334 2828 2395 2886 in
2424 2827 2606 2886 filium
2635 2828 2811 2890 habet

2219 2921 2401 2979 uitam
2429 2933 2726 2981 aeternam
2745 2953 2759 2969 ·

2222 3014 2342 3088 Qui
2371 3025 2525 3074 atem
2553 3034 2676 3075 non
2705 3016 2886 3076 credit

2221 3108 2282 3166 in
2312 3109 2492 3167 filium
2575 3127 2699 3168 non
2726 3111 2787 3167 ui

2221 3201 2378 3261 debit
2405 3204 2586 3262 uitam
2606 3234 2620 3249 ·
2686 3202 2804 3263 Sed

2219 3296 2305 3356 ira
2332 3296 2391 3355 di
2417 3307 2614 3356 manet
2643 3315 2818 3375 super

2300 3415 2383 3442 «ι’
2425 3391 2584 3449 illum
2627 3416 2706 3442 -t

2220 3483 2368 3533 tertia
2382 3483 2633 3534 dominica
2649 3490 2765 3549 post
2773 3500 2926 3549 pasca

2172 3560 2202 3594 *
2222 3569 2284 3622 4.
2327 3563 2348 3597 ¹
2366 3563 2448 3622 Ut
2475 3583 2618 3641 ergo
2641 3565 2926 3641 cognouit

2169 3661 2199 3695 ¹²¹
2222 3658 2332 3717 dr‘rs
2355 3689 2368 3704 ·
2415 3657 2644 3717 audisse
2673 3658 2733 3718 fa

2168 3754 2203 3785 ⁴*
2222 3753 2404 3812 riseos
2423 3783 2438 3799 ·
2498 3752 2635 3829 quia
2662 3753 2752 3810 ihs

2170 3843 2199 3877 *
2222 3846 2414 3923 plures
2442 3845 2667 3923 discipu

2168 3943 2198 3977 ¹⁸
2221 3940 2308 3998 los
2336 3939 2547 3998 faceret
2615 3950 2675 3999 et
2699 3940 2816 4017 bap

2216 4035 2415 4094 tizaret
2483 4052 2661 4112 quam

2216 4127 2501 4188 iohannes
2525 4159 2540 4175 ·
2599 4126 2622 4159 ²
2639 4147 2816 4205 quarn

2216 4239 2394 4299 quam
2423 4223 2514 4282 ihs
2544 4223 2666 4300 ipse
2695 4241 2822 4284 non

2216 4316 2546 4393 baptizabat
2614 4318 2717 4378 sed

2218 4409 2486 4487 discipuli
2512 4411 2636 4470 eius
2660 4444 2673 4458 ·

3557 291 3675 394 ‘45

2979 482 3001 516 ⁸
3014 482 3242 560 reliquit
3270 483 3538 542 iudaeam

2974 587 3034 636 et
3061 577 3243 636 habiit
3272 577 3334 634 in
3361 577 3642 653 galilea--

2973 672 2995 704 ⁴
3013 672 3344 748 Oportebat
3372 681 3567 730 autem

2972 765 3134 823 illum
3162 765 3402 823 transire

2974 878 3079 937 per
3105 859 3415 918 samariam
3439 888 3454 904 ·

2971 952 2995 987 ⁸
3014 953 3190 1012 Uenit
3216 971 3361 1029 ergo
3390 954 3451 1011 in
3479 953 3655 1012 ciuita

2973 1058 3091 1107 tem
3119 1048 3400 1107 samariae
3430 1065 3544 1125 que

2973 1142 3181 1202 dicitur
3209 1141 3418 1219 sychar
3436 1173 3451 1188 ·

2975 1237 3135 1295 iuxta
3163 1254 3372 1313 agrum
3403 1234 3552 1313 quod

2973 1330 3131 1390 dedit
3160 1331 3331 1389 iacob
3361 1331 3526 1407 iosep

2973 1425 3094 1484 filio
3123 1442 3231 1484 suo
3255 1455 3270 1471 ·
3330 1424 3352 1457 ⁶
3373 1423 3514 1483 Erat

2973 1530 3169 1578 autem
3197 1519 3311 1578 illic
3340 1518 3475 1577 fons
3504 1519 3562 1578 ia

2975 1614 3091 1672 cob
3174 1613 3276 1671 Ihs
3305 1631 3451 1690 ergo
3478 1611 3537 1673 fa

2975 1708 3188 1784 tigatus
3217 1709 3294 1766 ab
3323 1708 3526 1766 itinere

2974 1802 3213 1861 sedebat
3240 1802 3323 1860 sic
3354 1819 3527 1877 super

2973 1896 3197 1954 fontem
3221 1926 3234 1941 ·
3320 1893 3491 1955 Hora
3517 1912 3553 1954 e

2974 2000 3061 2048 rat
3089 1989 3253 2066 quasi
3282 2000 3442 2047 sexta
3467 2019 3482 2034 ·

2972 2083 2996 2116 '¹
3013 2082 3092 2141 Et
3112 2082 3272 2141 uenit
3301 2081 3504 2142 mulier
3531 2100 3567 2141 a
3596 2100 3663 2143 sa

2975 2177 3159 2235 maria
3186 2176 3414 2235 haurire

2975 2289 3193 2349 aquarn
3210 2301 3225 2317 ·
3286 2279 3345 2328 et
3372 2268 3513 2328 dicit
3540 2270 3596 2330 ei

2973 2540 3065 2599 ihs
3095 2540 3170 2600 da
3197 2541 3342 2601 mihi
3370 2542 3568 2602 bibere
3586 2573 3602 2589 ·

2975 2634 2997 2668 ⁸
3015 2635 3282 2711 discipuli
3310 2645 3502 2695 autem
3531 2637 3593 2713 ip

2976 2730 3095 2788 sius
3123 2730 3384 2789 abierant
3412 2731 3473 2789 in
3502 2732 3558 2791 ci

2974 2824 3213 2881 uitatem
3241 2835 3305 2884 ut
3331 2842 3498 2884 escas

2979 2927 3238 2976 emerent
3261 2949 3276 2965 ·
3336 2917 3538 2978 ’Dicit

2978 3030 3118 3088 ergo
3147 3013 3201 3070 ei
3229 3013 3435 3072 mulier
3463 3031 3629 3074 sama

2976 3105 3166 3164 ritana
3187 3137 3203 3152 ·
3271 3108 3578 3185 quomodo

2976 3209 3038 3258 tu
3067 3217 3203 3260 cum
3232 3202 3311 3260 sis
3340 3202 3546 3261 iudeus

2977 3311 3013 3352 a
3040 3311 3137 3353 me
3164 3295 3360 3353 bibere
3390 3297 3539 3372 petis

2974 3404 3111 3446 cum
3139 3388 3250 3446 sim
3278 3388 3482 3447 mulier
3507 3406 3574 3448 sa

2974 3482 3257 3541 maritana
3275 3512 3291 3528 ·
3333 3499 3445 3541 nec
3473 3500 3509 3542 e

2975 3575 3099 3632 nim
3129 3585 3440 3635 coutuntur
3467 3577 3528 3635 iu

2975 3666 3108 3727 daei
3137 3671 3422 3728 samaritis
3440 3701 3455 3716 ·

2970 3759 3019 3795 ¹⁰
3039 3762 3370 3841 Respondit
3398 3763 3488 3823 ihs
3515 3773 3575 3824 et

2971 3856 3117 3917 dixit
3144 3859 3256 3916 illi·
3341 3859 3390 3916 si
3419 3859 3594 3917 scires

2972 3951 3197 4011 donum
3226 3952 3286 4010 di
3315 3962 3372 4011 et
3401 3953 3532 4030 quis

2971 4053 3058 4103 est
3088 4046 3216 4122 quis
3244 4053 3331 4103 est
3359 4046 3460 4123 qui
3494 4046 3599 4103 tibi

2970 4139 3109 4198 dicit
3136 4138 3213 4198 da
3241 4139 3385 4198 mihi
3413 4139 3612 4199 bibere
3627 4167 3648 4186 ·

2967 4241 3034 4290 tu
3060 4233 3249 4310 magis
3276 4232 3521 4311 petisses

2971 4329 3049 4388 ab
3074 4346 3149 4388 eo
3172 4361 3185 4375 ·
3230 4327 3308 4389 Et
3334 4326 3587 4387 dedisset

3718 488 3842 537 1⁸01.
3860 490 3985 537 210.
