4414 4917
818 442 821 443 ⁷
898 428 1018 484 14²
1774 407 2235 470 EDITORIS
2271 408 2729 470 NOTULAE.

888 576 1008 630 Fol.
1034 576 1122 629 44.
1174 574 1256 630 17.
1287 590 1332 631 1.
1370 584 1570 632 —atrem
1591 577 1712 633 eius
1736 595 1774 631 a
1797 595 1871 632 m.
1879 581 1945 649 p.
1969 579 2035 631 in
2049 594 2262 632 rasura
2285 594 2391 633 scr.
2412 583 2495 632 est
2517 594 2663 648 quae
2673 579 2852 649 prius
2869 578 3094 633 litteras
3103 582 3404 651 purpureo
3420 580 3601 637 colore

1026 660 1268 730 scriptas
1290 662 1662 714 continuerat.
1736 675 1786 715 2.
1823 671 1971 716 trns-
1997 678 2071 715 m.
2085 664 2169 732 p.,
2196 677 2234 715 a
2255 665 2530 732 superscr.
2557 679 2631 716 m.
2644 666 2710 733 p.

888 756 1006 809 Fol.
1034 755 1102 809 44
1127 755 1183 810 b.
1237 770 1318 811 10.
1356 766 1537 826 oprtet
1562 770 1635 811 m.
1651 760 1733 827 p.,
1760 775 1794 812 o
1818 761 2093 828 superscr.
2118 774 2263 814 corr.
2290 775 2362 812 m.
2378 761 2444 829 p.

887 852 1008 906 Fol.
1034 852 1120 906 45.
1164 866 1245 918 14.
1280 852 1438 906 Ante
1471 853 1546 907 Et
1571 855 1821 923 ponitur
1843 855 1876 910 †
1901 871 2079 908 manu
2116 869 2180 910 2:
2221 855 2458 908 im’tium
2497 859 2565 908 ut
2599 852 2780 908 udtur
2811 854 3084 909 lectionis.
3158 854 3366 911 acessit
3404 871 3479 909 m.
3506 858 3592 926 p.,

1025 952 1057 990 c
1093 939 1364 1006 superscr.
1391 953 1533 991 corr.
1560 954 1633 991 m.
1646 940 1713 1007 p.
1791 939 1871 993 16.
1909 948 2167 1009 ptuerunt
2193 955 2267 992 m.
2281 941 2363 1009 p.,
2391 955 2425 992 o
2448 941 2721 1009 superscr.
2746 954 2890 992 corr.
2916 956 2991 993 m.
3004 943 3071 1009 p.
3152 939 3233 994 18.
3270 956 3303 993 e
3326 940 3392 993 in
3417 949 3503 994 est
3528 956 3602 994 ex

1025 1027 1048 1073 t
1070 1020 1318 1073 correxit
1338 1036 1412 1073 m.
1425 1023 1492 1090 p.

885 1116 1007 1170 Fol.
1032 1115 1120 1169 46.
1171 1130 1255 1183 24.
1295 1116 1616 1185 didragmas
1641 1133 1715 1171 m.
1728 1119 1811 1187 p.,
1836 1135 1862 1172 s
1886 1118 2064 1172 erasit
2084 1134 2228 1172 corr.
2301 1135 2378 1172 nn
2404 1135 2478 1171 m.
2491 1121 2573 1187 p.,
2601 1134 2636 1171 o
2658 1121 2934 1187 superscr.
2952 1135 3098 1173 corr.
3118 1135 3192 1172 m.
3206 1122 3272 1188 p.
3334 1131 3421 1188 25.
3449 1119 3594 1174 simn

1026 1216 1099 1253 m.
1113 1202 1197 1270 p.,
1223 1217 1257 1254 o
1281 1202 1555 1270 superscr.
1581 1217 1725 1255 corr.
1752 1218 1825 1254 m.
1840 1204 1906 1271 p.

885 1296 1007 1351 Fol.
1032 1296 1103 1350 47
1125 1297 1180 1350 b.
1234 1294 1317 1349 18.
1348 1309 1429 1365 15.
1466 1295 1747 1367 pccauerit
1772 1314 1845 1350 m.
1858 1300 1942 1368 p.,
1967 1313 2000 1352 e
2022 1300 2297 1368 superscr.
2317 1314 2460 1354 corr.
2480 1314 2554 1351 m.
2566 1301 2632 1367 p.
2730 1298 2810 1352 16.
2848 1296 3058 1359 audirit
3070 1315 3144 1352 m.
3158 1301 3241 1369 p.,
3261 1315 3294 1353 e
3318 1303 3594 1370 superscr.

1024 1396 1168 1433 corr.
1194 1397 1267 1433 m.
1335 1420 1348 1433 .

883 1477 1004 1531 Fol.
1028 1475 1115 1529 48.
1165 1490 1250 1544 23.
1280 1382 1442 1531 {Ante
1469 1476 1606 1531 Ideo
1629 1478 1694 1530 in
1718 1479 1978 1549 margine
2000 1476 2316 1547 adponitur
2337 1477 2370 1532 ’1-
2395 1494 2572 1530 manu
2598 1493 2627 1530 2
2653 1495 2666 1532 :
2707 1477 2943 1531 initium
2969 1477 3222 1532 lectionis
3239 1476 3334 1546 (?).

883 1572 1001 1626 Fol.
1042 1572 1112 1627 48
1148 1574 1202 1626 b.
1252 1574 1337 1628 26.
1374 1573 1610 1628 adorabt
1650 1591 1723 1627 m.
1748 1578 1830 1643 p.,
1875 1591 1910 1628 a
1944 1576 2220 1644 superscr.
2255 1590 2399 1629 corr.
2444 1590 2518 1628 m.
2542 1576 2609 1644 p.
2717 1588 2802 1642 31.
2838 1574 3109 1630 contrista
3150 1585 3277 1631 sunt
3322 1592 3395 1629 m.
3420 1578 3502 1646 p.,
3549 1576 3591 1630 ti

1020 1660 1294 1727 superscr.
1320 1674 1463 1711 corr.
1489 1674 1562 1710 m.
1577 1659 1644 1727 p.

882 1754 1001 1807 Fol.
1026 1753 1113 1807 49.
1162 1768 1247 1822 31.
1283 1763 1643 1808 enrrauerunt
1681 1770 1754 1806 m.
1780 1756 1864 1823 p.,
1904 1770 1939 1807 a
1979 1756 2254 1823 superscr.
2294 1769 2438 1807 corr.
2477 1770 2552 1807 m.
2583 1757 2649 1824 p.
2724 1768 2809 1822 34.
2854 1754 3229 1825 quoadusque
3275 1772 3351 1808 ex
3392 1770 3590 1825 -asque

1020 1838 1268 1891 correxit
1289 1855 1361 1890 m.
1376 1841 1442 1907 p.
1519 1837 1603 1891 19.
1636 1852 1679 1890 1.
1717 1846 1836 1891 trns
1862 1853 1935 1890 m.
1950 1839 2031 1906 p.,
2059 1854 2094 1890 a
2116 1840 2391 1906 superscr.
2418 1854 2561 1892 corr.
2589 1854 2662 1891 m.
2677 1840 2743 1908 p.

880 1932 998 1987 Fol.
1025 1932 1097 1986 49
1119 1934 1173 1987 b.
1227 1947 1276 2000 3.
1314 1942 1633 1987 taemtantes
1657 1950 1731 1985 m.
1746 1936 1827 2001 p.,
1854 1942 2153 1988 temtantes
2178 1940 2469 1988 corrector.

1025 2029 1071 2085 5.
1108 2026 1298 2087 prpter
1320 2034 1393 2070 m.
1407 2021 1491 2087 p.,
1517 2034 1551 2070 o
1574 2020 1848 2086 superscr.
1872 2033 2015 2071 corr.
2041 2034 2115 2070 m.
2129 2021 2212 2087 p.,
2238 2021 2294 2070 et
2314 2018 2378 2070 in
2404 2034 2460 2070 v.
2488 2017 2537 2071 8.

1018 2113 1071 2167 9.
1108 2100 1569 2169 quicumcumque
1593 2117 1667 2154 m.
1680 2104 1764 2171 p.,
1778 2100 2135 2168 perlineauit
2156 2107 2213 2153 et
2233 2102 2517 2171 expunxit
2540 2117 2669 2154 cum
2694 2117 2838 2154 corr.
2867 2117 2941 2153 m.
2956 2103 3024 2170 p.

880 2194 999 2249 Fol.
1025 2197 1128 2250 50:
1168 2211 1246 2249 10.
1285 2213 1412 2250 cum
1437 2212 1533 2250 ore
1557 2213 1631 2249 m.
1645 2199 1727 2266 p.,
1755 2214 1826 2251 ux
1849 2200 2125 2266 superscr.
2150 2213 2294 2250 corr.
2322 2214 2395 2249 m.
2409 2199 2476 2267 p.

879 2292 1001 2348 Fol.
1026 2293 1097 2347 50
1112 2292 1169 2346 b.
1214 2293 1293 2347 16.
1329 2292 1487 2346 Ante
1510 2294 1584 2347 Et
1611 2294 1884 2362 scriptum
1909 2298 1993 2345 est
2023 2293 2057 2348 †
2091 2308 2269 2345 manu
2299 2307 2329 2345 2
2355 2310 2369 2359 ;
2405 2293 2658 2359 initium,
2685 2299 2752 2346 ut
2775 2292 2969 2360 udtur,
2997 2292 3264 2346 lectionis.
3290 2309 3389 2347 ece
3418 2309 3491 2346 m.
3505 2295 3588 2362 p.,

1020 2392 1053 2430 c
1087 2379 1361 2445 superscr.
1397 2393 1542 2429 corr.
1573 2393 1646 2429 m.
1655 2380 1720 2445 p.
1793 2393 1937 2430 unus
1975 2393 2107 2431 acce
2143 2392 2288 2430 unus
2326 2392 2398 2429 m.
2416 2379 2478 2446 p.
2485 2415 2499 2442 ,
2525 2377 2791 2442 incun’a,·
2838 2377 3120 2446 expunxit
3152 2381 3210 2429 et
3229 2376 3591 2446 perlineauit

1022 2477 1156 2515 acce
1182 2477 1325 2514 unus
1349 2477 1495 2515 corr.
1520 2477 1594 2514 m.
1608 2464 1671 2531 p.

883 2557 1007 2610 Fol.
1033 2556 1119 2610 51.
1158 2568 1244 2624 25.
1272 2573 1298 2610 s
1305 2557 1520 2627 finalis
1542 2558 1606 2611 in
1632 2555 1921 2625 discipulis
1945 2573 2112 2610 erasa
2135 2562 2236 2611 est.

879 2652 999 2706 Fol.
1027 2653 1089 2707 51
1132 2653 1188 2706 b.
1215 2666 1299 2720 29.
1326 2670 1481 2707 urem
1508 2670 1582 2706 m.
1586 2656 1670 2723 p.,
1687 2670 1758 2706 xo
1781 2657 2053 2722 superscr.
2080 2669 2225 2706 corr.
2247 2669 2323 2706 m.
2327 2654 2394 2722 p.
2468 2652 2556 2708 20.
2584 2666 2616 2705 2
2652 2651 2855 2706 diurnu
2893 2669 2968 2706 m.
2976 2654 3042 2722 p.
3079 2653 3310 2707 incuria
3329 2653 3544 2722 forsan
3552 2671 3588 2720 ,-

1018 2737 1083 2789 in
1109 2735 1307 2790 diurno
1332 2738 1580 2790 correxit
1600 2737 1789 2790 eadem
1816 2753 2035 2790 manus.

878 2831 1000 2885 Fol.
1027 2831 1113 2886 52.
1158 2846 1238 2886 10.
1265 2830 1485 2900 singulo
1510 2831 1770 2887 denarios
1798 2849 1871 2886 m.
1886 2836 1969 2902 p.,
1998 2851 2024 2887 s
2050 2836 2327 2903 superscr.
2353 2847 2495 2886 corr.
2526 2847 2600 2884 m.
2615 2835 2682 2902 p.

878 2927 925 2981 F
930 2928 1001 2982 ol.
1027 2928 1097 2982 52
1115 2929 1169 2981 b.
1214 2942 1295 2982 12.
1333 2927 1517 2997 pndus
1546 2946 1619 2983 m.
1634 2932 1717 2998 p.,
1755 2943 1790 2981 o
1833 2932 2109 2998 superscr.
2152 2945 2298 2982 corr.
2338 2945 2412 2981 m.
2425 2931 2492 2998 p.
2573 2943 2651 2995 14.
2685 2926 2843 2982 Ante
2879 2926 3010 2982 huic
3044 2933 3129 2981 est
3161 2944 3374 2981 rasura
3413 2930 3588 2982 unius

1020 3011 1260 3065 litterae.
1338 3022 1418 3076 17.
1445 3028 1698 3066 seorsum
1733 3028 1808 3064 ex
1840 3028 1991 3080 suos,
2006 3015 2306 3082 purpureo
2342 3012 2522 3066 colore
2555 3013 2782 3081 scripto,
2807 3013 3058 3066 correxit
3091 3029 3165 3065 m.
3173 3015 3238 3082 p.
3265 3017 3586 3068 atramento

1020 3110 1142 3148 usa.

879 3191 925 3244 F
929 3191 998 3244 ol.
1027 3191 1114 3245 53.
1152 3205 1237 3245 2ο.
1261 3189 1417 3245 Ante
1442 3191 1617 3245 Tune.
1643 3191 1868 3245 addidit
1894 3191 1958 3245 in
1983 3208 2163 3262 marg.
2194 3208 2268 3244 m.
2298 3205 2327 3244 2
2355 3191 2758 3261 Apostolorum
2785 3191 2833 3259 t,
2862 3207 3007 3260 quae
3040 3191 3214 3245 etiam
3242 3191 3307 3244 in
3330 3191 3451 3243 ima
3474 3193 3585 3261 pa-

1006 3275 1158 3346 gina
1204 3275 1433 3345 scripsit
1477 3273 1534 3328 in
1586 3274 1847 3343 passione
1891 3279 2039 3329 sc-rm
2082 3290 2513 3329 maccaueorum
2561 3274 2727 3329 lectio
2769 3273 3043 3343 euangelii
3084 3273 3392 3329 secondum
3441 3283 3584 3329 mat-

1015 3368 1184 3414 teum.
1258 3357 1467 3413 accesit
1488 3374 1558 3411 m.
1575 3362 1659 3428 p.,
1677 3374 1704 3411 s
1729 3362 2001 3428 superscr.
2029 3374 2174 3414 corr.
2195 3365 2265 3412 ut
2286 3357 2468 3412 udtur
2489 3374 2562 3412 m.
2575 3362 2660 3428 p.,
2687 3358 2865 3411 minio
2890 3375 3044 3412 usus.
3117 3372 3179 3411 21
3212 3357 3401 3412 usede.
3428 3396 3441 3411 .
3469 3396 3482 3410 .
3508 3356 3585 3411 fili

1017 3442 1127 3496 mei
1165 3458 1238 3495 m.
1259 3445 1342 3511 p.,
1369 3452 1392 3495 t
1420 3481 1434 3496 .
1461 3481 1474 3495 .
1502 3481 1515 3495 .
1542 3439 1558 3494 i
1584 3444 1858 3512 superscr.
1893 3459 2037 3496 corr.
2076 3458 2150 3495 m.
2154 3445 2221 3512 p.
2297 3456 2381 3496 22.
2420 3441 2536 3511 qud
2574 3458 2647 3494 m.
2672 3445 2756 3512 p.,
2783 3458 2818 3494 o
2854 3444 3129 3512 superscr.
3156 3458 3300 3496 corr.
3333 3458 3407 3495 m.
3422 3445 3506 3512 p.,
3530 3446 3587 3494 et

1016 3527 1079 3580 in
1105 3543 1162 3580 v.
1190 3537 1274 3594 25.

875 3623 998 3677 Fol.
1024 3623 1094 3677 53
1112 3622 1168 3675 b.
1207 3621 1291 3676 28.
1318 3623 1436 3676 Hic
1458 3621 1522 3675 in
1546 3623 1810 3693 margine
1831 3621 2146 3692 adponitur
2168 3638 2347 3675 manu
2373 3635 2422 3689 2,
2451 3619 2746 3677 domineca
2771 3620 2827 3678 in
2848 3620 2995 3676 oliuo
3016 3624 3086 3675 ut
3106 3619 3254 3675 mihi
3272 3620 3468 3690 udtur‚
3490 3619 3593 3676 sed

1015 3707 1302 3776 scriptura
1326 3705 1596 3776 ambigua
1618 3709 1716 3759 est.

874 3802 995 3856 Fol.
1023 3803 1107 3856 54.
1148 3815 1231 3869 34.
1259 3801 1368 3856 fine
1378 3805 1518 3871 post
1538 3818 1667 3856 eum
1693 3817 1871 3854 manu
1900 3815 1932 3854 2
1967 3801 2244 3872 smptum
2270 3811 2373 3868 est,
2398 3801 2697 3871 eademque
2732 3818 2939 3855 manus
2970 3801 3054 3856 ad
3080 3803 3200 3871 cap.
3239 3799 3325 3855 21.
3369 3814 3414 3868 1,
3452 3805 3584 3854 ante

1015 3885 1108 3953 Et,
1121 3886 1324 3955 posuit
1346 3886 1397 3941 †.
1470 3899 1519 3939 2.
1546 3885 1662 3955 qud
1688 3902 1761 3938 m.
1770 3887 1854 3955 p.,
1880 3900 1915 3938 o
1939 3889 2216 3954 superscr.
2241 3902 2388 3939 corr.
2414 3901 2488 3939 m.
2493 3889 2559 3955 p.

872 3986 995 4041 Fol.
1016 3986 1084 4039 54
1110 3984 1165 4038 b.
1205 3999 1254 4054 3.
1293 3984 1423 4039 uobi
1458 3984 1655 4060 dixerit
1693 4002 1766 4040 m.
1772 3988 1856 4055 p.,
1895 4004 1922 4041 s
1958 3989 2235 4056 superscr.
2272 4002 2417 4041 corr.
2449 4004 2521 4040 m.
2530 3989 2597 4057 p.
2667 4000 2718 4052 4.
2746 3986 2860 4056 qud
2887 4002 2959 4039 m.
2966 3987 3049 4055 p.,
3077 4001 3112 4039 o
3135 3987 3411 4055 superscr.
3437 4001 3581 4040 corr.

1013 4069 1436 4206 Zss35335i6
1468 4069 1533 4122 in
1569 4070 1830 4140 margine
1863 4069 2179 4176 adponitur
2204 4069 2414 4125 titulus
2445 4070 2693 4124 alicuius
2724 4069 2994 4138 lectionis,
3020 4070 3183 4126 cuius
3219 4070 3409 4123 maior
3434 4072 3584 4140 pars

872 4252 994 4307 Fol.
1020 4253 1106 4307 55.
1149 4265 1230 4307 11.
1255 4252 1443 4308 dicebt
1469 4254 1629 4322 m.p.,
1656 4269 1691 4308 a
1713 4255 1990 4323 superscr.
2016 4269 2159 4308 corr.
2186 4270 2260 4307 m.
2265 4257 2330 4325 p.
