4414 4917
914 450 1072 494 XXX

1906 428 2144 490 JNTR
2153 427 2276 516 ορ
2285 427 2649 493 UCTJON.

915 597 1159 659 Selected
1178 597 1442 674 readings
1456 599 1581 656 and
1598 597 1929 675 renderings
1956 600 2017 659 in
2037 599 2225 661 which
2324 599 2569 661 Selecled
2583 599 2853 677 readings
2869 598 2992 657 and
3003 599 3335 677 renderz'ngs
3357 599 3420 658 in
3440 600 3627 660 which

1159 696 1190 756 f
1210 716 1253 775 q
1279 698 1445 776 differ
1449 699 1622 775 from
1649 697 1781 756 each
1808 698 1978 759 other.

917 794 1084 857 Matt.
1111 796 1183 855 vi.

2571 698 2602 758 f
2661 717 2700 776 q
2768 717 2869 756 are
2929 698 3139 773 agreed
3186 699 3425 774 against
3472 699 3629 757 other

2569 795 2874 873 European
2902 802 3069 855 texts.

999 913 1055 972 5.
1096 904 1296 954 amant
1352 903 1501 955 stare
1558 894 1618 953 in
1675 894 1993 972 synagogis
2047 903 2106 954 et
2160 893 2222 953 in
2325 898 2394 956 vi.
2441 917 2477 969 4
2529 897 2651 955 and
2703 896 2756 954 6.
2808 893 3011 954 reddet
3049 893 3154 952 tibi
3204 892 3267 951 in
3312 892 3624 955 manifesto

1159 991 1389 1069 angulis
1408 992 1730 1070 platearum
1749 1002 1967 1053 stantes
1978 991 2220 1053 adorare

1157 1088 1376 1169 a501⁷)
1404 1088 1488 1170 (k)
1516 1110 1568 1167 q·

1239 1208 1343 1249 om.
1370 1189 1595 1265 stares
1605 1187 1739 1247 Am.

964 1647 1054 1708 15.
1097 1633 1428 1694 remiseritis
1458 1677 1471 1691 .
1500 1677 1514 1692 .
1541 1634 1791 1694 remittet
1817 1654 1854 1692 a
1882 1635 1915 1694 b
1944 1633 1979 1690 k
2005 1654 2055 1709 q.

1242 1731 1569 1792 dimiseritis
1598 1775 1612 1790 .
1641 1775 1655 1791 .
1684 1732 1930 1791 dimittet
1937 1733 2008 1810 f
2013 1731 2145 1790 Am.

968 1833 1055 1889 16.
1099 1829 1315 1890 habent
1341 1829 1676 1890 mercedem
1707 1848 1872 1890 suam
1901 1851 1939 1889 a
1966 1831 1998 1889 b
2025 1851 2075 1907 q.

1241 1939 1629 2006 perceperunt
1636 1931 1707 2008 f

1243 2037 1590 2104 receperunt
1615 2026 1746 2086 Am.

1244 2125 1539 2185 consecuti
1574 2136 1709 2184 sunt
1737 2127 1788 2183 k.

969 2237 1056 2297 17.
1101 2233 1161 2283 tu
1192 2267 1204 2280 .
1236 2268 1247 2282 .
1281 2241 1413 2283 cum
1442 2224 1668 2283 ieiunas
1696 2244 1731 2300 q
1760 2223 1891 2282 Am.

1248 2332 1310 2380 tu
1340 2364 1352 2377 .
1385 2364 1398 2378 .
1427 2320 1692 2381 ieiunans
1697 2321 1766 2397 f

1245 2436 1356 2479 uos
1386 2464 1399 2477 .
1430 2464 1443 2478 .
1473 2436 1608 2479 cum
1636 2419 1904 2479 ieiunatis
1932 2437 1969 2478 a
1997 2420 2045 2478 b.

1247 2535 1357 2576 uos
1388 2562 1400 2576 .
1432 2562 1444 2576 .
1474 2519 1795 2578 ieiunantes
1825 2517 1874 2575 k.

971 2635 1040 2691 19
1072 2614 1381 2695 (similarly
1408 2634 1460 2673 v.
1496 2613 1613 2692 20).

1084 2715 1185 2773 ubi
1202 2732 1383 2791 erugo
1412 2723 1470 2773 et
1497 2715 1654 2774 tinea
1676 2726 1733 2774 et
1765 2725 2099 2773 comestura
2128 2732 2232 2773 ex·
2338 2761 2345 2768 .

1249 2813 1518 2872 terminat
1545 2832 1595 2888 q.

1166 2911 1266 2969 ubi
1284 2928 1468 2988 erugo
1496 2920 1553 2970 et
1582 2912 1738 2970 tinea
1766 2911 2108 2970 exterminat
2136 2931 2173 2968 a
2200 2910 2234 2967 b

1247 3007 1321 3086 ff
1335 3009 1467 3066 Am.

1166 3108 1268 3166 ubi
1290 3107 1447 3166 tinea
1475 3116 1532 3166 et
1559 3125 1743 3183 erugo
1766 3106 2154 3165 exterminant
2161 3106 2231 3182 fl

1168 3206 1268 3265 ubi
1341 3207 1494 3265 tinea
1561 3216 1620 3264 et
1689 3213 2019 3266 comestura
2083 3215 2234 3263 eter-

1246 3305 1470 3363 minant
1500 3302 1551 3360 k.

2543 994 2677 1070 sq·

2648 1109 2726 1150 re.
2756 1091 2812 1150 ti.
2842 1090 2902 1147 in
2930 1089 3125 1166 palam
3152 1108 3191 1147 a
3218 1088 3266 1148 b.

2645 1188 2847 1248 reddet
2871 1187 2974 1246 tibi
3001 1188 3047 1246 d
3065 1187 3101 1244 k
3128 1186 3261 1246 Am.

2372 1342 2460 1382 ro.
2503 1323 2604 1381 fiat
2623 1320 2893 1382 uoluntas
2913 1329 3016 1378 tua
3042 1319 3190 1379 sicut
3209 1319 3269 1378 in
3292 1319 3455 1380 caelo
3477 1330 3536 1380 et
3563 1321 3625 1381 in

2566 1419 2791 1495 terras
2803 1437 2839 1494 q
2865 1415 2998 1476 Am.

2646 1537 2748 1577 om.
2771 1518 2918 1576 sicut
2944 1534 2981 1574 a
3008 1515 3041 1574 b
3067 1513 3116 1572 k.

2373 1637 2394 1676 1
2407 1638 2460 1694 3.
2503 1616 2806 1692 Doxology
2834 1618 2895 1674 z'n
2922 1614 3010 1673 the
3035 1612 3244 1672 Lord's
3270 1612 3576 1694 Prayerf
3586 1635 3622 1691 q

2651 1714 2753 1795 (k),
2781 1734 2863 1774 see
2888 1713 3068 1787 above,
3086 1721 3150 1787 p.
3178 1712 3313 1772 xxii.

1003 3417 1176 3498 (nis
1217 3420 1269 3478 is
1310 3439 1348 3477 a
1388 3437 1521 3491 very
1546 3419 1697 3476 clear
1723 3417 1952 3495 conflate
1989 3418 2245 3494 reading,
2281 3419 2402 3476 and
2435 3418 2614 3476 shews
2655 3416 2744 3475 the
2784 3415 3096 3475 occasz'onal
3132 3415 3409 3473 intrusion
3447 3413 3524 3490 (ff
3548 3431 3624 3472 an

1248 3517 1503 3595 African
1528 3519 1752 3575 clement
1774 3518 1888 3574 into
1914 3514 1995 3594 q.)

967 3660 1059 3701 21.
1101 3641 1447 3702 thensaurus
1475 3650 1609 3699 tuus
1645 3685 1657 3698 .
1690 3685 1703 3699 .
1731 3657 1832 3700 cor
1867 3651 2033 3698 tuum
2071 3636 2159 3718 (a)
2189 3637 2223 3697 b

1330 3737 1579 3815 kqu.

1250 3838 1600 3897 thensaurus
1627 3845 1818 3896 uester
1864 3880 1877 3894 .
1907 3879 1922 3894 .
1965 3853 2071 3895 cor
2100 3853 2231 3894 ues-

1331 3947 1482 3995 trum
1487 3935 1559 4011 j:

970 4053 1064 4094 22.
1107 4034 1343 4096 lucerna
1362 4033 1622 4110 corporis
1644 4033 1722 4092 tui
1746 4042 1833 4092 est
1860 4032 2067 4093 oculus
2096 4041 2229 4091 tuus

1330 4152 1367 4190 a
1395 4132 1428 4191 b
1457 4129 1542 4210 (k)
1569 4149 1622 4207 q.

1197 4249 1300 4291 om.
1334 4228 1415 4289 tui
1442 4229 1564 4286 and
1584 4239 1717 4288 tuus
1725 4229 1789 4304 f
1804 4228 1858 4286 A
1867 4248 1940 4288 m.
