4414 4917
922 434 1004 476 20

927 2290 987 2324 10

927 2937 984 2986 ¹5

921 3587 983 3620 20

2019 428 2543 488 FRAGMENTA

1436 671 1723 736 Secundi
1765 674 2206 754 quaternionis
2234 675 2485 756 folium
2516 677 2815 758 primum
2860 674 3103 764 (uerso)

1832 885 1979 948 Fol.
2024 901 2108 964 45
2135 887 2180 950 b
2228 883 2483 970 (Balsa,
2547 885 2732 974 le.).

2788 1000 2947 1068 Act.
2977 1003 3164 1066 xxvi.
3201 1001 3542 1086 29-xxvii.
3570 1020 3637 1078 4.

1447 1100 1560 1183 qui
1602 1101 1949 1168 audierunt
1992 1122 2099 1168 me
2139 1102 2340 1168 hodie
2382 1102 2523 1169 fieri
2562 1103 2731 1168 tales

1444 1228 1655 1313 qualis
1698 1240 1765 1294 et
1810 1249 1936 1312 ego
1981 1251 2126 1295 sum
2176 1233 2479 1314 exceptis
2523 1233 2626 1297 his
2671 1234 2864 1297 uincu

1447 1360 1524 1421 lis
1570 1392 1584 1406 ·
1633 1358 1861 1423 ³⁰tunc
1906 1359 2192 1423 surrexit
2239 1380 2359 1423 rex
2407 1371 2475 1424 et
2521 1361 2782 1443 legatus

1447 1496 1514 1551 et
1559 1487 1823 1550 bernice
1867 1498 1935 1551 et
1977 1487 2092 1570 qui
2137 1488 2458 1552 sedebant
2504 1509 2651 1552 cum
2702 1491 2827 1552 illis

1451 1613 1499 1651 ³¹
1527 1628 1592 1679 et
1638 1617 1940 1679 sedentes
1988 1613 2430 1698 loquebantur
2475 1618 2559 1680 ad
2607 1619 2740 1680 inui

1445 1766 1587 1809 cem
1635 1747 1927 1809 dicentes
1975 1779 1989 1794 ·
2035 1742 2219 1829 (quia
2263 1743 2452 1829 nihil)
2500 1755 2712 1809 morte

1445 1884 1560 1939 aut
1608 1873 1884 1938 uinculis
1928 1873 2203 1955 dignum
2253 1874 2459 1957 gessit
2504 1875 2703 1937 homo

1442 2003 1566 2066 iste
1614 2036 1628 2052 ·
1675 2000 1726 2037 ³²
1744 2001 2023 2085 agrippa
2068 2014 2295 2067 autem
2346 1999 2578 2088 [festo]
2627 2003 2807 2067 dixit

1441 2131 1685 2196 dimitti
1735 2132 1952 2214 potuit
1999 2132 2125 2195 iste
2167 2131 2366 2195 homo
2408 2152 2487 2194 ex

1445 2259 1727 2324 uinculis
1771 2260 1824 2324 si
1871 2280 2001 2322 non
2046 2258 2446 2341 appellasset
2492 2279 2609 2323 cae

1443 2410 1654 2453 sarem
1705 2422 1719 2438 ·
1789 2387 1810 2424 ¹
1863 2389 1954 2453 Et
1999 2410 2145 2453 curn
2196 2388 2556 2453 iudicatum

1440 2528 1612 2583 esset
1658 2529 1729 2582 ut
1775 2519 2238 2600 nauigaremus
2286 2519 2348 2580 in
2397 2519 2582 2582 italia

1438 2650 1712 2713 tradidit
1759 2650 2028 2733 paulum
2077 2659 2141 2712 et
2188 2649 2350 2711 alios
2398 2648 2548 2711 uinc

1442 2791 1547 2844 tos
1592 2780 1956 2845 centurioni
2004 2779 2269 2841 nomine
2315 2778 2473 2841 iulio

1441 2909 1734 2974 cohortis
1778 2917 2099 2990 augustae
2150 2941 2162 2955 ·
2210 2906 2377 2970 ²iste
2425 2908 2555 2970 intr

1438 3041 1578 3104 auit
1623 3039 1689 3101 in
1739 3058 1976 3102 nauem
2025 3038 2441 3118 adrymetina

1436 3190 1607 3251 quae
1655 3169 2039 3249 nauigatura
2084 3177 2224 3230 erat
2271 3167 2335 3229 in
2382 3167 2560 3230 asiae

1438 3298 1584 3361 loca
1628 3297 2086 3378 nauigauimus
2135 3330 2148 3344 ·
2195 3305 2336 3358 erat
2383 3303 2536 3358 autf:

1435 3429 1767 3493 nobiscum
1816 3426 2212 3491 aristarchus
2261 3426 2535 3489 macedo

1439 3558 1980 3621 tessalonicenses
2030 3586 2044 3603 ·
2091 3554 2440 3636 3sequenti
2487 3561 2644 3617 aute‘:

1435 3689 1544 3751 die
1589 3685 1978 3750 deuenirnus
2024 3684 2325 3748 sidonem
2377 3716 2390 3731 ·
2437 3693 2501 3746 et
2550 3683 2636 3746 hu

1435 3837 1629 3881 mane
1675 3835 1877 3897 agens
1925 3813 2116 3877 iulius
2162 3833 2311 3876 cum
2358 3812 2561 3893 paulo

1432 3945 1731 4027 permisit
1775 3946 1832 4008 ei
1880 3944 1963 4008 ad
2012 3943 2257 4006 amicos
2304 3943 2393 4004 ire
2438 3951 2505 4004 et

1435 4098 1657 4141 curam
1705 4076 1802 4140 sui
1849 4075 2093 4142 habere
2142 4108 2155 4122 ·
2201 4073 2313 4136 ⁴ct
2363 4074 2514 4136 inde
