4414 4917
602 352 740 401 VIII.
770 347 988 415 10—35.]

300 526 435 576 τοι.
457 528 578 579 107.
601 511 769 571 uobis
799 511 998 571 datum
1029 518 1117 567 est

601 606 748 664 scire
778 604 1054 682 mysterifi

600 700 763 777 regni
792 700 851 757 di
871 729 886 744 ·
953 692 1176 756 Ceteris

601 804 797 852 autem
826 793 885 850 in
914 792 1137 869 parabo

598 888 667 947 lis
695 897 757 945 ut
785 888 1048 946 uidentes

601 999 723 1040 non
751 981 989 1040 uideant
1011 1011 1026 1025 ·
1089 979 1167 1038 Et
1195 997 1270 1039 au

601 1076 822 1135 dientes
850 1093 975 1133 non
1003 1074 1138 1132 intel

599 1169 794 1245 legant
813 1200 826 1213 ·
850 1200 863 1214 ·
887 1199 901 1214 ·
947 1163 991 1199 ¹¹
1009 1167 1116 1226 Est
1144 1183 1218 1225 au

598 1272 713 1321 tem
744 1262 888 1321 haec
919 1261 1197 1338 parabola
1216 1292 1230 1307 ·

603 1356 815 1416 Semen
841 1366 928 1415 est
955 1356 1137 1415 uerbfi

600 1450 659 1509 di
675 1456 700 1496 ·'
732 1448 777 1482 ¹²
796 1450 895 1528 qui
923 1460 1118 1509 autem
1148 1467 1211 1508 se

598 1561 701 1602 cus
729 1545 887 1601 uiam
915 1541 974 1602 hi
997 1555 1132 1602 sunt

598 1638 697 1715 qui
726 1638 968 1695 audiunt
1034 1638 1194 1697 uenit

599 1742 790 1790 autem
820 1731 1088 1790 diabolus
1109 1763 1122 1777 ·

597 1824 672 1884 Et
701 1826 861 1885 tollet
889 1824 963 1884 de
991 1825 1167 1885 corde

597 1919 823 1979 illorum
849 1920 1096 1979 uerbum
1116 1951 1129 1966 ·

597 2012 691 2072 Ne
718 2014 1019 2073 credentes
1048 2013 1191 2073 salui

594 2105 738 2166 fiant
760 2138 774 2153 ·
796 2137 810 2153 ·
839 2105 884 2139 ¹³
904 2105 1061 2166 Nam
1090 2109 1189 2185 qui

598 2218 771 2277 supra
793 2210 1018 2277 petram
1041 2232 1054 2246 ·
1118 2200 1178 2259 hi

595 2304 726 2352 sunt
745 2327 759 2341 ·
820 2296 920 2372 qui
949 2313 1085 2354 cum
1113 2296 1246 2354 audi

593 2388 736 2447 erint
764 2406 898 2447 curn
928 2389 1143 2466 gaudio

593 2483 883 2559 accipiunt
911 2484 1152 2542 uerbum

596 2623 652 2672 et
679 2613 737 2673 hi
765 2612 990 2673 radices
1020 2633 1142 2673 non
1170 2614 1247 2674 ha

593 2708 730 2767 bent
760 2709 891 2786 qui⁸
920 2709 995 2767 ad
1025 2719 1252 2786 tempus

594 2801 833 2861 credunt
903 2812 960 2862 et
987 2803 1048 2861 in
1074 2813 1275 2881 tempo

591 2913 653 2954 re
679 2897 1073 2972 temptationis
1100 2916 1161 2956 re

593 2989 803 3048 cedunt
822 3021 836 3035 ·
898 2991 940 3023 ¹⁴
956 2990 1116 3068 quod
1137 2997 1270 3050 aute

480 3121 485 3126 -
591 3082 652 3140 in
678 3083 859 3160 spinis
887 3085 1093 3144 cecidit
1111 3116 1125 3131 ·

593 3174 675 3234 Hi
704 3189 839 3237 sunt
867 3179 964 3256 qui
993 3178 1231 3238 audiunt

590 3280 648 3328 et
674 3289 709 3329 a
738 3271 1216 3332 sollicitudinibus
1237 3304 1251 3319 ·

588 3373 645 3424 et
671 3365 880 3425 diuitiis
946 3375 1002 3424 et
1027 3367 1205 3443 uolup

588 3459 795 3518 tatibus
821 3461 974 3519 uitae
1001 3471 1205 3521 euntes

588 3553 754 3611 simul
784 3555 1141 3614 soffucantur

587 3654 645 3705 et
672 3665 796 3726 non
823 3649 1115 3708 refaerunt

589 3739 838 3801 fructum
860 3772 874 3788 ·
895 3774 909 3790 ·
941 3742 986 3775 ¹⁸
1003 3741 1165 3821 quod

589 3845 780 3894 autem
810 3837 869 3893 in
898 3838 1119 3896 bonam
1148 3847 1234 3897 ter

589 3945 712 3987 ram
736 3960 752 3976 ·
810 3930 871 3988 hi
899 3940 1032 3989 sunt
1058 3932 1156 4009 qui
1185 3932 1246 3991 in

587 4024 761 4083 corde
791 4025 951 4083 bono
980 4026 1191 4085 audien

583 4125 670 4176 tes
695 4120 939 4177 uerbum
966 4120 1219 4179 retinent

583 4222 639 4268 et
668 4210 918 4271 fructum
947 4213 1213 4274 adserunt

584 4323 685 4381 per
710 4307 1093 4383 patitientiam
1112 4338 1128 4354 ·

583 4396 687 4456 ¹⁶N
693 4419 827 4459 emo
845 4410 1038 4459 autem
1051 4401 1284 4461 lucerna

582 4509 887 4554 accensam
915 4496 1103 4572 operit

581 4602 721 4645 uaso
742 4619 755 4634 ·
817 4597 918 4646 aut
946 4589 1147 4646 subtus

1933 338 2283 401 LUCAN-

1351 506 1564 567 lectum
1592 508 1758 586 ponit
1779 539 1793 554 ·
1854 508 1957 566 sed

1352 620 1526 679 supra
1554 601 1905 662 candelabrt‘t

1353 698 1518 773 ponit
1550 707 1613 754 ut
1643 697 1921 756 intrantes

1350 789 1583 849 uideant
1606 791 1802 850 lumen
1823 822 1836 836 ·
1873 790 1916 823 ¹⁷
1934 809 2054 851 non

1351 885 1508 943 enim
1536 895 1624 945 est
1651 885 1947 944 occultum

1353 979 1513 1055 quod
1541 996 1664 1037 non
1692 979 1998 1038 manifeste

1353 1082 1442 1130 tur
1461 1103 1475 1118 ·
1535 1091 1645 1132 nec
1674 1073 1957 1132 abscondi

1351 1175 1474 1223 tum
1502 1167 1612 1225 nisi
1641 1185 1939 1244 cognosca

1351 1270 1441 1317 tur
1468 1269 1525 1318 et
1552 1261 1613 1318 in
1638 1261 1833 1337 palam
1862 1259 1997 1319 ueni

1352 1361 1443 1412 at·
1496 1354 1759 1414 ¹⁸Uidete
1788 1372 1907 1433 quo
1936 1373 2037 1413 mo

1353 1448 1430 1506 do
1460 1449 1703 1507 audiatis
1726 1480 1740 1495 ·
1805 1449 1903 1525 qui
1931 1456 2026 1508 eni

1352 1542 1525 1601 habet
1555 1542 1783 1601 dabitur
1810 1542 1887 1600 illi
1909 1574 1923 1588 ·
1973 1542 2050 1600 Et

1349 1637 1700 1713 quicumque
1728 1654 1849 1694 non
1877 1635 1954 1694 ha

1349 1731 1482 1788 bet·
1547 1731 1719 1788 etiarn
1749 1729 1908 1806 quod
1936 1747 2016 1807 pu

1347 1832 1429 1882 tat
1458 1841 1520 1881 se
1548 1833 1742 1883 tenere
1772 1824 1964 1884 aufere

1348 1927 1438 1974 tur
1461 1918 1536 1975 ab
1555 1935 1628 1975 eo
1650 1932 1666 1963 ‘·
1704 1916 2049 1977 ¹⁹Uenerant

1347 2021 1540 2070 autem
1570 2011 1645 2070 ad
1673 2011 1834 2072 illum
1864 2030 1963 2071 ma

1346 2115 1432 2164 ter
1458 2115 1515 2165 et
1544 2105 1744 2164 fratres
1774 2107 1896 2164 eius
1917 2138 1930 2152 ·

1346 2209 1403 2258 et
1430 2217 1549 2258 non
1579 2209 1844 2275 poterant
1872 2201 1967 2258 adi

1345 2312 1406 2351 re
1435 2294 1510 2352 ad
1539 2312 1670 2352 eum
1701 2313 1804 2370 pre
1831 2297 1993 2354 turba
2011 2327 2026 2342 ·

1347 2383 1392 2417 ²⁰
1409 2386 1755 2446 Nuntiatum
1785 2398 1872 2447 est
1900 2395 2031 2448 aute

1346 2482 1425 2539 illi
1452 2483 1588 2560 quia
1615 2493 1800 2542 mater
1827 2494 1924 2542 tua

1346 2623 1404 2671 et
1431 2612 1630 2672 fratres
1658 2614 1739 2671 tui
1770 2624 1924 2674 stant

1346 2705 1485 2765 foris
1512 2707 1776 2766 uolentes
1804 2717 1861 2767 te

1342 2801 1541 2860 uidere
1566 2832 1580 2847 ·
1639 2797 1683 2832 ²¹
1703 2801 1913 2878 quibus

1342 2894 1703 2971 respondens
1742 2896 1883 2953 dixit

1343 2998 1526 3048 mater
1553 3007 1684 3047 mea
1713 2999 1770 3048 et
1799 2989 1884 3048 fra

1344 3093 1460 3142 tres
1490 3083 1605 3141 mei
1634 3083 1693 3140 hi
1723 3093 1856 3142 sunt

1344 3177 1442 3253 qui
1471 3179 1716 3235 uerbum
1746 3178 1806 3236 di
1835 3196 1909 3236 au

1343 3270 1509 3328 diunt
1536 3280 1594 3328 et
1622 3270 1871 3329 faciunt·
1897 3298 1978 3323 m

1290 3362 1319 3396 *
1343 3365 1387 3398 ²²
1405 3365 1648 3423 Factum
1678 3375 1763 3422 est
1791 3376 1985 3427 autem

1290 3458 1319 3492 ¹¹¹
1342 3459 1402 3518 in
1430 3477 1549 3518 una
1578 3459 1798 3518 dierum

1341 3567 1400 3616 et
1427 3558 1551 3635 ipse
1581 3558 1843 3617 ascendit
1867 3559 1930 3617 in

1342 3651 1674 3710 nauiculam
1703 3662 1759 3711 et
1788 3652 1879 3711 dis

1340 3745 1519 3824 cipuli
1547 3746 1670 3805 eius
1691 3776 1705 3791 ·
1767 3755 1824 3806 et
1853 3747 1932 3807 ait

1339 3839 1415 3898 ad
1443 3839 1571 3899 illos
1591 3870 1605 3885 ·
1669 3849 1898 3900 transea

1338 3951 1470 3992 mus
1499 3943 1657 3992 trans
1686 3941 1897 4011 stagnfi

1337 4038 1396 4087 et
1416 4028 1757 4087 leuauerunt
1777 4060 1790 4074 ·

1337 4120 1381 4155 ¹³
1398 4119 1455 4179 N
1460 4122 1823 4198 auigantibus
1853 4128 1983 4183 aute

1336 4215 1445 4274 illis
1472 4216 1787 4275 obdormiit
1809 4248 1823 4263 ·
1879 4217 1957 4277 Et

1335 4309 1633 4368 descendit
1661 4310 1859 4386 procel

1335 4403 1392 4461 la
1421 4404 1577 4462 uenti
1602 4435 1615 4449 ·
1676 4403 1754 4461 Et
1782 4404 1960 4481 imple

1333 4500 1499 4557 batur
1526 4516 1562 4556 a
1588 4497 1857 4555 fluctibus

1333 4590 1600 4650 nauicula
1669 4600 1726 4650 et
1755 4610 1892 4668 pere

2157 507 2500 568 clitabantur
2519 540 2534 555 ·
2597 506 2640 542 ²⁴
2659 528 2798 568 acce

2158 601 2362 662 dentes
2391 612 2585 661 autem
2613 621 2710 661 sus

2158 695 2480 754 citauerunt
2507 714 2641 754 eum

2159 789 2418 848 dicentes
2436 820 2450 835 ·
2513 808 2763 867 praecep

2157 891 2247 941 tor
2274 893 2619 960 praeceptor
2640 915 2653 931 ·

2157 976 2413 1052 perimus
2433 1007 2447 1022 ·
2508 976 2589 1035 At
2625 976 2718 1035 ille

2158 1087 2402 1146 surgens
2431 1070 2671 1146 increpa

2155 1164 2238 1220 uit
2265 1174 2444 1222 uento
2515 1173 2570 1223 et
2597 1173 2716 1222 tem

2155 1258 2367 1333 pestati
2395 1273 2583 1335 aquae
2607 1289 2621 1304 ·
2683 1270 2739 1317 et
2769 1269 2860 1318 οὓς

2154 1361 2426 1409 sauerunt
2445 1377 2458 1391 ·
2519 1361 2577 1410 et
2603 1350 2693 1411 sac

2153 1452 2212 1501 ta
2239 1455 2326 1503 est
2356 1444 2642 1521 tranquilli

2152 1542 2241 1596 tas
2261 1570 2275 1585 ·
2335 1536 2378 1569 ²⁵
2397 1538 2560 1597 Dixit
2589 1549 2786 1598 autem

2152 1632 2262 1690 illis
2330 1633 2428 1691 ubi
2457 1642 2543 1692 est
2573 1633 2718 1693 fides

2151 1735 2342 1784 uestra
2361 1757 2375 1772 ·
2440 1737 2497 1786 et
2525 1728 2707 1786 timen

2151 1829 2238 1877 tes
2266 1820 2455 1878 mirati
2478 1831 2613 1879 sunt

2151 1913 2480 1972 adinuicem
2512 1914 2684 1973 dicen

2150 2016 2237 2065 tes
2261 2038 2275 2053 ·
2335 2008 2465 2084 quis
2493 2016 2580 2066 est
2606 2008 2701 2066 hic

2149 2100 2310 2178 quod
2340 2111 2397 2159 et
2424 2102 2611 2160 uentis
2640 2102 2720 2158 im

2149 2204 2314 2270 perat
2341 2203 2400 2252 et
2427 2195 2572 2274 mari
2601 2205 2658 2254 et

2148 2288 2469 2347 obaudiunt
2497 2289 2551 2348 ei
2574 2320 2587 2335 ·
2636 2287 2827 2348 ”Ena

2148 2381 2493 2457 uigauerunt
2520 2388 2652 2442 aute

2152 2476 2228 2534 ad
2258 2478 2556 2553 regionem
2585 2496 2724 2554 gera

2151 2626 2427 2667 senorum
2457 2627 2609 2686 quae
2637 2619 2724 2668 est

2150 2712 2312 2761 trans
2341 2713 2545 2761 contra
2573 2704 2690 2779 gali
2881 2772 2883 2776 7

2150 2795 2305 2854 leam
2327 2827 2341 2841 ·
2389 2794 2432 2829 ²7
2451 2805 2666 2855 etcum
2688 2816 2854 2875 egres

2151 2906 2249 2947 sus
2277 2899 2427 2948 esset
2456 2889 2532 2948 ad
2561 2900 2772 2950 terram

2149 2984 2401 3042 occurrit
2429 2984 2508 3042 illi
2534 2985 2623 3042 uir
2651 2986 2751 3063 qui

2150 3077 2288 3134 dam
2319 3077 2390 3136 de
2420 3078 2649 3138 ciuitate
2674 3110 2689 3126 ·

2149 3171 2251 3248 qui
2279 3169 2533 3230 habebat
2561 3172 2735 3232 demo

2149 3277 2311 3334 nium
2340 3278 2697 3354 temporibus

2147 3369 2343 3429 multis
2410 3371 2487 3428 Et
2520 3373 2666 3430 nesti

2148 3475 2409 3522 mentum
2438 3483 2559 3524 non
2589 3466 2730 3524 indu

2148 3559 2349 3617 ebatur
2368 3589 2382 3604 ·
2443 3577 2518 3618 ne
2548 3577 2739 3637 neque

2146 3652 2209 3708 in
2237 3652 2416 3711 domo
2446 3654 2721 3711 manebat

2147 3746 2250 3804 sed
2279 3747 2340 3802 in
2369 3747 2764 3805 monumentis
2786 3772 2799 3787 ·

2145 3839 2250 3898 ¹¹‘’Is
2271 3849 2333 3898 ut
2349 3838 2491 3898 uidit
2510 3839 2630 3898 ihm
2686 3841 2849 3917 proci

2144 3933 2227 3992 dit
2255 3943 2388 3992 ante
2418 3932 2580 3991 illum
2599 3964 2613 3979 ·
2690 3944 2747 3992 et
2774 3952 2848 3993 ex

2144 4027 2404 4086 clamans
2433 4045 2580 4086 uoce

2144 4139 2359 4199 magna
2390 4121 2531 4179 dixit
2551 4152 2565 4167 ·

2143 4215 2284 4292 quid
2314 4215 2455 4272 mihi
2483 4224 2540 4273 et
2566 4215 2670 4274 tibi

2143 4309 2244 4367 ihu
2271 4308 2351 4366 fili
2379 4308 2439 4366 di
2467 4308 2759 4367 altissimi·

2141 4404 2389 4463 obsecro
2417 4413 2473 4461 te
2503 4421 2576 4462 ne
2606 4422 2700 4464 me

2140 4508 2410 4577 torqueas
2429 4528 2445 4544 ·
2507 4498 2552 4532 ²⁹
2568 4517 2709 4576 prae

2140 4593 2391 4670 cipiebat
2419 4592 2577 4651 enim
2607 4593 2825 4670 spiritui

3535 343 3619 427 85

2914 511 3201 573 inmundo
3228 524 3290 573 ut
3318 514 3499 574 exiret

2913 608 2990 664 ab
3018 607 3255 668 homine
3275 640 3289 655 ·
3350 610 3547 670 multis

2913 700 3071 758 enim
3100 704 3458 779 temporibus

2911 806 3144 871 ruperat
3171 794 3331 853 illum
3353 828 3368 843 ·
3432 816 3574 858 nam

2910 888 3140 947 uinctus
3169 889 3432 949 cathenis

2910 991 2967 1039 et
2995 983 3355 1059 conpedibus
3384 1003 3489 1043 cus

2911 1075 3233 1135 todiebatur
3256 1108 3271 1123 ·
3330 1087 3387 1136 et
3415 1097 3525 1156 rup

2909 1169 2982 1226 tis
3009 1170 3257 1229 uinculis
3284 1172 3471 1247 ageba

2911 1272 3003 1321 tur
3031 1282 3066 1321 a
3095 1263 3373 1324 demonio
3403 1266 3463 1324 in
3490 1265 3552 1325 lo

2911 1375 2985 1416 ca
3011 1357 3237 1416 deserta
3256 1389 3271 1405 ·
3331 1358 3376 1392 ³⁰
3394 1359 3553 1418 Inter
3619 1406 3620 1409 η

2910 1452 3138 1527 rogauit
3166 1462 3360 1511 autem
3388 1453 3487 1512 illu

2909 1545 3000 1603 ihs
3028 1546 3191 1622 quod
3219 1547 3321 1605 tibi
3349 1553 3528 1608 nome

2910 1648 2997 1697 est
3064 1649 3121 1696 at
3144 1639 3236 1698 ille
3259 1640 3401 1698 dixit
3419 1641 3573 1718 legio
3594 1669 3609 1683 ·

2909 1738 3052 1810 qum
3082 1733 3441 1792 intrauerunt
3467 1735 3542 1794 de

2908 1826 3107 1884 monia
3135 1827 3317 1884 multa
3345 1828 3406 1884 in
3426 1846 3500 1886 eo
3519 1859 3535 1875 ·

2907 1917 2948 1951 ⁸¹
2969 1928 3026 1977 et
3053 1922 3340 1995 rogabant
3371 1920 3471 1979 iun
3491 1953 3505 1968 ·

2908 2031 2982 2072 ne
3013 2013 3320 2089 imperaret

2906 2106 3014 2165 illis
3036 2117 3096 2165 ut
3124 2109 3184 2165 in
3212 2109 3424 2185 abyssu

2905 2202 3051 2260 irent
3074 2232 3089 2247 ·
3152 2199 3354 2261 ⁸²Erat
3382 2213 3579 2264 autem

2902 2295 2984 2353 ibi
3012 2314 3152 2373 grex
3182 2313 3365 2371 porco

2905 2407 3034 2447 rum
3064 2390 3377 2449 multorum

2906 2480 3348 2566 pasce[n]tium·
3377 2487 3612 2565 Etroga

2906 2625 3115 2674 uerunt
3143 2616 3302 2674 illum
3329 2627 3390 2675 ut
3420 2618 3481 2676 in

2907 2709 3032 2768 illos
3060 2710 3204 2769 irent
3274 2720 3331 2769 et
3358 2712 3547 2788 permi

2907 2803 2979 2861 sit
3007 2803 3116 2862 illis
3140 2835 3154 2850 ·
3222 2804 3266 2837 ⁸³
3284 2806 3549 2865 exierunt

2906 2908 3099 2956 autem
3129 2898 3403 2958 demonia
3430 2902 3507 2959 ab

2906 2990 3145 3050 homine
3215 3003 3271 3052 et
3300 2994 3523 3054 intraue

2904 3096 3039 3144 runt
3066 3087 3126 3145 in
3154 3105 3367 3164 porcos
3394 3099 3451 3147 et

2905 3180 3125 3257 impetu
3153 3183 3292 3240 abiit
3318 3202 3461 3260 grex

2904 3293 3215 3351 porcorum
3244 3295 3346 3353 per
3371 3296 3475 3354 pre

2903 3386 3043 3446 ceps
3072 3370 3132 3426 in
3161 3378 3430 3446 stagnum
3460 3381 3516 3429 et

2903 3462 3167 3521 suffucati
3195 3473 3326 3520 sunt
3346 3493 3359 3509 ·
3419 3463 3463 3496 ⁸⁴
3481 3464 3542 3524 ui

2903 3556 3106 3615 dentes
3133 3566 3328 3616 autem
3357 3558 3458 3636 qui

2902 3652 3220 3726 pascebant
3248 3652 3410 3729 quod
3437 3652 3532 3713 fac

2903 3755 3027 3802 tum
3056 3755 3141 3803 est
3170 3744 3441 3823 fugerunt
3460 3777 3475 3794 ·

2900 3847 2957 3897 et
2985 3840 3457 3898 renuntiauerunt

2900 3932 2961 3990 in
2989 3932 3217 3991 ciuitate
3245 3943 3302 3992 et
3328 3934 3389 3991 in
3417 3933 3497 3993 uil

2900 4026 2984 4085 las
3005 4029 3029 4066 ·'
3072 4025 3118 4059 ³⁸
3135 4026 3418 4085 Exierunt
3448 4034 3582 4089 aute*

2898 4120 3096 4179 uidere
3130 4121 3291 4199 quod
3318 4121 3474 4181 sactu

2898 4225 2984 4274 est
3012 4226 3069 4274 et
3095 4227 3380 4276 uenerunt
3407 4218 3483 4277 ad

2897 4309 3020 4369 ihm
3043 4342 3057 4357 ·
3115 4311 3193 4370 Et
3222 4312 3569 4376 inuenerunt

2896 4404 3196 4465 hominem
3226 4406 3463 4467 sedente
3486 4440 3500 4455 ·

2895 4517 2930 4558 a
2957 4517 3076 4578 quo
3105 4500 3378 4561 demonia
3405 4504 3533 4564 exie

2896 4605 3056 4654 rant·
3118 4597 3388 4657 uestitum

3641 520 3763 568 Pol.
3786 523 3912 570 108.
