4414 4917
797 332 883 397 94
1246 406 1253 412 ·
2175 316 2424 379 SECD
2449 347 2464 365 ·
3286 324 3431 389 [κη.
3449 328 3712 392 49—x111.
3738 324 3819 377 16.

458 502 581 550 ποι.
599 506 721 554 125.
746 496 776 531 *
798 490 842 526 ⁴⁹
864 492 1075 570 Ignem
1102 494 1240 553 ueni
1267 495 1376 553 mit
1546 492 1663 553 hoc
1693 504 1887 553 autem
1917 503 2148 570 tempus
2363 494 2423 551 in
2453 493 2660 552 siloam
2686 501 2745 551 et
2770 492 2984 552 occidit
3066 490 3095 523 *
3115 489 3160 524 ¹⁰
3178 490 3320 551 Erat
3347 500 3544 550 autem
3574 490 3796 551 docens
3835 486 3965 541 ¹⁸01·
3990 494 4114 545 180.

740 586 770 621 *
797 598 915 646 tere
945 587 1003 645 in
1028 598 1238 646 terram
1555 588 1861 666 quomodo
1888 606 2014 647 non
2043 607 2151 665 pro
2360 586 2490 646 illos
2510 618 2524 633 ·
2586 588 2799 664 putatis
2826 585 2972 665 qum
3063 584 3092 616 *
3116 587 3177 645 in
3198 604 3317 645 una
3345 603 3654 662 synogoga

741 680 771 715 *
794 690 852 740 et
879 681 1020 758 quid
1051 714 1065 727 ·
1097 681 1236 740 uolo
1266 682 1315 740 si
1344 700 1414 741 ac
1549 681 1699 740 batis
1731 713 1743 727 ·
1773 712 1787 727 ·
1831 682 1876 714 ⁶⁷
1898 700 2076 758 quare
2106 700 2179 741 au
2357 680 2467 757 ipsi
2499 681 2790 740 debitores
2818 681 2912 739 fue
3061 678 3090 711 '⁸‘
3111 698 3242 737 rum
3269 679 3525 738 sabbatis

789 775 1071 834 cendatur
1089 806 1104 821 ·
1149 775 1195 807 ⁸⁰
1215 775 1344 852 Bap
1547 784 1666 833 tem
1694 784 1751 833 et
1779 794 1814 834 a
1842 777 2014 835 uobis
2041 777 2182 852 ipsis
2354 784 2487 831 runt
2514 792 2688 850 super
2715 786 2914 834 omnes
3107 772 3149 805 ¹¹
3166 773 3244 831 Et
3270 790 3409 831 ecce
3438 771 3642 831 mulier
3660 789 3812 851 quae

788 868 959 926 tisma
987 867 1177 926 habeo
1213 869 1330 945 bap
1548 884 1669 926 non
1699 868 1966 928 iudicatis
1994 870 2147 947 qu0d
2354 865 2623 926 homines
2652 870 2752 944 qui
2781 868 2918 928 sede
3107 866 3361 925 habebat
3388 871 3521 942 spm
3547 866 3608 924 in

787 961 950 1019 tizari
972 992 985 1007 ·
1050 962 1127 1020 Et
1156 974 1371 1040 quomo
1545 961 1762 1020 iustum
1792 972 1881 1021 est
1903 994 1917 1009 ·
1962 963 2007 996 ⁶⁸
2025 964 2167 1022 dum
2353 959 2493 1018 bant
2520 961 2580 1019 in
2607 961 2890 1020 hierusale
2915 993 2930 1008 ·
3108 960 3389 1019 firmitatis
3417 960 3585 1018 annis

786 1053 866 1114 do
896 1056 1092 1113 turbor
1160 1074 1296 1134 usqs
1542 1056 1700 1113 enim
1727 1056 1893 1114 uadis
1921 1075 2057 1115 cum
2347 1053 2374 1108 ,⁶
2393 1072 2513 1112 non
2538 1085 2552 1100 ·
2614 1056 2748 1115 dico
2775 1057 2946 1116 uobis
3110 1053 3252 1112 dece
3280 1062 3337 1110 et
3365 1062 3503 1112 octo
3523 1084 3538 1098 ·
3597 1063 3721 1112 erat

786 1147 930 1206 dum
958 1150 1290 1224 perficiatur
1543 1148 1879 1208 aduersario
1901 1160 2001 1210 tuo
2353 1147 2463 1205 nisi
2494 1149 2869 1223 penitentiam
3107 1146 3382 1206 inclinata
3399 1178 3413 1193 ·
3473 1165 3583 1205 nec

784 1240 829 1274 ⁸¹
855 1241 1076 1300 Putatis
1103 1250 1245 1321 qsim
1276 1248 1423 1320 pace
1542 1242 1604 1299 in
1633 1244 1729 1301 uia
1750 1274 1764 1289 ·
1827 1244 1902 1302 da
1930 1250 2110 1320 opera
2351 1239 2666 1301 habueritis
2689 1252 2891 1302 omn0s
3105 1240 3349 1299 omnino
3382 1249 3608 1317 poterat

784 1336 923 1394 ueni
951 1337 1176 1395 mittere
1207 1337 1267 1396 in
1542 1334 1772 1395 liberari
1801 1340 1876 1397 ab
1906 1338 2005 1396 illo
2029 1368 2045 1385 ·
2351 1334 2610 1393 similiter
2637 1338 2819 1412 peribi
3105 1350 3306 1393 susum
3335 1335 3623 1410 respicere
3646 1365 3661 1382 ·

785 1437 999 1487 terram
1022 1460 1037 1475 ·
1102 1449 1224 1489 non
1249 1462 1263 1477 ·
1336 1431 1395 1490 di
1542 1427 1636 1487 Ne
1666 1429 1810 1489 forte
1841 1431 2095 1490 condem
2350 1428 2421 1486 tis
2445 1460 2458 1474 ·
2483 1461 2494 1474 ·
2519 1461 2531 1474 ·
2578 1430 2598 1461 ⁶
2617 1429 2869 1489 Dicebat
2897 1437 3031 1491 aute
3103 1427 3148 1461 ¹²
3160 1426 3358 1499 Quam
3386 1446 3523 1486 cum
3550 1429 3788 1490 uidisset

786 1539 860 1580 co
890 1522 1063 1580 uobis
1093 1523 1195 1581 sed
1226 1542 1367 1600 sepa
1541 1533 1640 1581 net
1668 1533 1724 1582 te
1753 1524 1910 1600 apud
1941 1525 2059 1583 iudi
2349 1520 2501 1581 hanc
2530 1523 2900 1583 similitudine
2924 1556 2939 1571 ·
3102 1521 3190 1579 ihs
3245 1521 3481 1580 uocauit
3507 1540 3640 1581 eam

783 1616 1073 1674 rationem
1097 1649 1111 1663 ·
1148 1615 1397 1676 ¹¹¹¹Erunt
1541 1634 1671 1675 cem
1740 1627 1798 1676 et
1830 1618 2003 1676 iudex
2034 1629 2121 1676 tra
2346 1614 2636 1674 Arborem
2668 1617 2846 1676 ficum
3101 1614 3177 1673 ad
3205 1632 3268 1673 se
3327 1626 3385 1672 et
3414 1615 3492 1673 ait
3521 1616 3598 1673 illi
3622 1646 3637 1662 ·

783 1709 944 1767 enim
972 1728 1046 1768 ex
1076 1710 1188 1770 hoc
1218 1713 1362 1788 quin
1541 1708 1639 1767 dat
1666 1722 1722 1768 te
1750 1713 2007 1770 exactori
2034 1742 2048 1757 ·
2347 1708 2549 1767 habuit
2578 1710 2814 1787 quidam
3099 1708 3303 1766 mulier
3333 1708 3569 1768 dimissa
3596 1726 3662 1767 es

784 1820 900 1879 que
931 1803 990 1860 in
1020 1804 1198 1864 domo
1228 1823 1344 1864 una
1539 1813 1595 1862 et
1621 1815 1861 1863 exactor
1888 1806 2078 1864 mittat
2345 1802 2663 1878 plantatam
2699 1805 2927 1865 in·uine
3098 1802 3173 1859 ab
3204 1801 3536 1861 infirmitate
3564 1812 3663 1862 tua
3685 1834 3700 1849 ·

784 1895 955 1955 diuisi
977 1928 993 1942 ·
1066 1907 1179 1957 tres
1208 1900 1269 1957 in
1539 1906 1593 1955 te
1626 1898 1684 1955 in
1714 1916 2008 1957 carcerem
2032 1930 2046 1945 ·
2346 1914 2443 1954 am
2467 1927 2481 1942 ·
2546 1897 2623 1955 Et
2650 1899 2813 1957 uenit
2840 1918 2955 1976 que
3098 1892 3140 1926 ¹³
3163 1904 3220 1954 et
3247 1895 3505 1971 inposuit
3531 1896 3608 1955 illi
3635 1915 3737 1956 ma

785 1989 903 2048 duo
926 2021 941 2035 ·
1005 2001 1064 2049 et
1092 1991 1211 2050 duo
1240 1982 1300 2051 in
1329 2002 1438 2051 tres
1536 1989 1583 2023 ⁸⁹
1602 1990 1751 2050 Dico
1780 1993 1879 2051 tibi
1909 2011 2030 2051 non
2059 1993 2219 2051 exies
2342 2008 2478 2049 rens
2510 1991 2759 2050 fructum
2788 1994 2849 2051 in
3096 2006 3241 2047 num
3300 1999 3358 2048 et
3386 1990 3637 2049 confesti

784 2082 828 2116 ⁸³
846 2083 1178 2143 diuidentur
1200 2117 1215 2131 ·
1286 2105 1364 2162 pa
1537 2085 1671 2142 inde
1741 2085 1933 2145 donec
1962 2087 2076 2145 etia
2342 2083 2438 2142 illa
2495 2095 2552 2143 et
2581 2104 2701 2144 non
2730 2087 2865 2145 inue
3093 2093 3284 2142 erecta
3309 2093 3396 2141 est
3423 2094 3480 2142 et
3508 2102 3648 2161 mag

782 2187 870 2235 ter
896 2178 957 2235 in
984 2178 1168 2237 filium
1197 2189 1254 2237 et
1282 2179 1322 2237 fi
1535 2180 1919 2242 nouissimum
1941 2198 2058 2256 qua
2345 2178 2429 2236 nit
2453 2209 2467 2224 ·
2519 2179 2542 2211 ⁷
2559 2178 2722 2238 Dixit
2751 2190 2946 2239 autem
3094 2176 3367 2235 nificabat
3394 2178 3526 2236 ἀῶ·
3550 2209 3635 2221 —-

780 2270 892 2330 lius
921 2272 982 2330 in
1011 2283 1236 2349 patrem
1266 2291 1334 2332 su
1536 2273 1801 2332 drantem
1831 2274 2040 2333 reddas
2343 2271 2418 2330 ad
2448 2271 2727 2332 cultorem
2756 2275 2964 2334 uineae
2985 2306 3000 2322 ·
3096 2269 3139 2303 ¹⁴
3157 2269 3547 2347 Respondens
3577 2274 3710 2330 aute

782 2420 884 2462 um
916 2403 1202 2463 diuidetur
1221 2434 1235 2450 ·
1534 2409 1627 2465 13.
1657 2403 1675 2435 ¹
1695 2403 2001 2464 Uenerunt
2023 2417 2219 2466 autem
2342 2400 2499 2463 Ecce
2528 2406 2665 2463 anni
2687 2414 2799 2466 tres
2828 2416 2963 2466 sunt
3096 2401 3592 2479 archisynagogus

781 2507 966 2556 mater
993 2498 1054 2555 in
1081 2498 1257 2557 filiam
1284 2531 1297 2546 ·
1370 2510 1428 2558 et
1535 2499 1773 2576 quidam
1802 2501 1932 2576 ipso
1962 2501 2022 2558 in
2052 2510 2168 2559 tem
2344 2515 2418 2555 ex
2448 2516 2567 2575 quo
2597 2501 2771 2558 uenio
2802 2519 2954 2578 quae
3095 2497 3407 2571 indignans
3427 2529 3442 2543 ·
3502 2498 3666 2575 quod

781 2591 899 2650 filia
928 2593 988 2651 in
1016 2602 1259 2652 matrem
1282 2625 1297 2640 ·
1536 2610 1678 2670 pore
1742 2594 2073 2654 nuntiantes
2343 2610 2476 2649 rens
2505 2591 2755 2651 fructum
2783 2595 2844 2653 in
3095 2591 3336 2649 sabbato
3365 2601 3592 2650 curaret

782 2703 984 2744 socrus
1007 2686 1066 2743 in
1093 2705 1307 2746 nurum
1537 2687 1615 2744 illi
1645 2687 1717 2745 de
1745 2687 1966 2768 galileis
1990 2719 2005 2734 ·
2070 2707 2190 2766 quo
2347 2685 2596 2745 ficulnea
2625 2686 2734 2746 hac
2763 2698 2822 2746 et
2850 2707 2974 2748 non
3095 2684 3185 2742 ihs
3207 2715 3222 2731 ·
3283 2685 3512 2744 dicebat
3539 2696 3630 2745 tur

782 2797 951 2837 suam
979 2790 1036 2838 et
1059 2798 1241 2839 nurus
1535 2799 1666 2839 rum
1695 2782 2041 2857 sanguinem
2343 2779 2582 2838 inuenio
2645 2782 2877 2840 succide
3093 2777 3184 2836 bis
3212 2796 3316 2836 sex
3338 2777 3462 2838 dies
3492 2790 3627 2838 sunt

783 2873 844 2931 in
874 2890 1108 2932 socrum
1139 2891 1305 2932 suam
1332 2906 1344 2920 ·
1375 2907 1459 2919 —
1538 2874 1748 2950 pilatus
1777 2875 2009 2933 miscuit
2038 2880 2110 2934 οῦ
2295 2907 2296 2914 1
2343 2890 2486 2949 ergo
2516 2873 2672 2932 illam
2691 2904 2705 2919 ·
2766 2884 2830 2933 ut
2858 2876 3000 2953 quid
3093 2871 3153 2928 in
3180 2872 3393 2948 quibus
3420 2883 3652 2949 oportet

780 2964 827 2998 ⁸⁴
843 2964 1094 3024 Dicebat
1120 2978 1316 3024 autem
1345 2977 1403 3026 et
1538 2967 1835 3025 sacrificiis
1864 2985 2069 3026 eorum
2100 3000 2113 3014 ·
2133 3001 2217 3012 —
2340 2966 2512 3024 etiam
2542 2978 2751 3026 terram
2778 2987 2890 3028 eua
3090 2966 3316 3041 operari
3339 2996 3354 3012 ·
3418 2967 3479 3024 in
3507 2967 3599 3026 his

781 3055 856 3116 ad
885 3059 1084 3116 turbas
1109 3089 1123 3104 ·
1186 3077 1322 3118 cum
1536 3058 1650 3118 'Et
1678 3061 2035 3137 respondens
2064 3062 2152 3122 ihs
2342 3069 2477 3118 cuat
2499 3091 2513 3106 ·
2535 3092 2548 3106 ·
2571 3092 2584 3106 ·
2629 3060 2650 3092 ⁸
2669 3065 2749 3120 At
2779 3063 2872 3122 ille
2890 3082 2980 3122 res
3089 3077 3231 3136 ergo
3259 3061 3452 3118 uenite
3481 3070 3540 3118 et
3572 3079 3646 3120 cu

780 3151 1040 3210 uideritis
1069 3153 1288 3211 nubem
1535 3153 1679 3213 dixit
1706 3154 1813 3212 illis
1837 3185 1851 3200 ·
1914 3156 2126 3231 putatis
2338 3154 2609 3229 pondens
2638 3155 2781 3213 dixit
2799 3157 2876 3214 illi
3087 3154 3294 3212 ramini
3322 3163 3381 3212 et
3407 3172 3529 3213 non
3547 3155 3609 3213 in

781 3245 857 3305 ab
886 3245 1107 3306 oriente
1141 3247 1217 3306 ad
1245 3265 1320 3306 oc
1534 3248 1694 3326 quod
1716 3248 1775 3306 hi
1798 3248 2024 3324 galilaei
2044 3281 2057 3295 ·
2103 3269 2205 3327 pre
2337 3247 2451 3305 dne
2472 3278 2486 3293 ·
2552 3248 2770 3308 dimitte
2799 3251 2956 3309 illam
3089 3247 3182 3306 die
3211 3247 3454 3307 sabbato
3478 3279 3491 3294 ·
3537 3249 3579 3281 ¹⁶
3599 3248 3720 3309 Res

781 3356 983 3398 casum
1004 3370 1019 3385 ·
1080 3341 1277 3399 statim
1533 3342 1807 3401 omnibus
1836 3329 2089 3419 galilaeis
2336 3351 2394 3399 et
2423 3341 2539 3402 hoc
2567 3360 2724 3402 anno
2749 3375 2764 3389 ·
2823 3362 3010 3423 usque
3087 3340 3294 3418 pondit
3321 3359 3463 3418 ergo
3493 3343 3545 3401 ei
3576 3343 3686 3402 d1‘1s

781 3434 971 3493 dicitis
996 3434 1229 3494 nimbus
1257 3453 1331 3494 ue
1534 3434 1766 3494 suerunt
1794 3447 2129 3513 peccatores
2154 3469 2168 3484 ·
2336 3434 2475 3493 dum
2506 3435 2723 3494 fodiam
2751 3438 2906 3496 circa
3086 3444 3145 3493 et
3174 3435 3316 3493 dixit
3337 3466 3352 3481 ·
3416 3435 3660 3513 hypocri

782 3529 867 3586 nit
895 3537 954 3587 et
975 3528 1053 3587 ita
1084 3528 1184 3587 fiet
1206 3560 1221 3575 ·
1273 3530 1319 3562 ⁸⁶
1335 3530 1413 3588 Et
1534 3531 1634 3606 qui
1665 3530 1797 3589 talia
1825 3531 1982 3606 passi
2012 3541 2146 3589 sunt
2175 3562 2189 3577 ·
2336 3529 2490 3587 illam
2515 3560 2529 3575 ·
2593 3530 2673 3588 Et
2699 3532 2925 3590 mittam
3086 3538 3177 3587 tae
3204 3531 3603 3607 unusquisque

781 3640 919 3681 cum
948 3621 1209 3683 uideritis
1533 3622 1554 3654 ⁸
1574 3641 1695 3681 non
1718 3654 1733 3669 ·
1799 3624 1935 3682 dico
1964 3625 2134 3683 uobis
2158 3656 2172 3671 ·
2335 3622 2590 3681 cofinum
2620 3633 2813 3684 sterco
3087 3632 3345 3681 uestrum
3375 3625 3622 3684 sabbato

780 3726 1039 3775 austrum
1061 3715 1238 3776 flante
1533 3717 1643 3775 nisi
1674 3717 2048 3793 penitentiam
2334 3717 2412 3780 tis
2436 3747 2450 3762 ·
2511 3717 2533 3750 ⁹
2555 3727 2612 3776 et
2640 3719 2686 3776 si
2715 3718 2949 3796 quidem
3083 3734 3208 3775 non
3237 3717 3423 3777 soluet
3454 3719 3670 3779 bouem

781 3808 972 3868 dicitis
1001 3808 1163 3887 quod
1191 3826 1293 3868 aes
1534 3809 1795 3869 habeatis
1818 3810 2070 3868 similiter
2105 3824 2135 3853 Ι
2336 3810 2532 3869 fecerit
2562 3812 2846 3871 fructum·
3086 3828 3257 3869 suum
3286 3823 3385 3871 aut
3405 3814 3621 3872 asinu-

780 3911 873 3960 tus
903 3902 1011 3960 erit
1076 3911 1135 3960 et
1163 3902 1240 3961 ita
1269 3902 1365 3963 fiet
1385 3935 1399 3950 ·
1535 3921 1743 3962 omnes
1772 3904 2029 3980 peribitis
2053 3935 2066 3950 ·
2335 3904 2425 3963 sin
2453 3916 2648 3964 autem
2666 3937 2681 3952 ·
2726 3907 2787 3965 in
2810 3906 2868 3965 fu
3083 3924 3120 3965 a
3147 3924 3428 3983 praesepe
3491 3916 3548 3967 et
3580 3906 3660 3966 du

782 3994 1203 4072 “Hypocritae
1234 3995 1443 4057 faciem
1533 3998 1555 4030 ⁴
1574 3996 1683 4056 Uel
1714 3998 1864 4056 sicut
1893 3997 1971 4055 illi
1999 3997 2140 4057 dece
2158 4008 2215 4058 et
2334 4009 2528 4057 turum
2589 4001 2748 4060 succi
3083 4001 3162 4060 cit
3187 3999 3476 4078 adaquare
3498 4032 3514 4049 ·

779 4088 1019 4167 quidem
1048 4089 1191 4147 caeli
1219 4099 1277 4148 et
1304 4099 1387 4149 ter
1532 4100 1670 4149 octo
1698 4107 1872 4166 super
1900 4108 2052 4167 quos
2335 4092 2438 4152 des
2466 4093 2620 4152 illam
2640 4125 2655 4141 ·
2685 4120 2768 4146 ω
3085 4093 3308 4153 ¹⁶Hanc
3325 4106 3520 4154 autem
3538 4107 3785 4172 quaeest

780 4199 878 4241 rae
907 4182 1092 4240 nostis
1119 4182 1368 4257 probare
1535 4183 1742 4244 cecidit
1770 4184 1941 4243 turris
2480 4212 2563 4239 os
2644 4214 2726 4243 m
2808 4213 2891 4240 m
3084 4189 3199 4248 filia
3225 4188 3479 4249 abrahae
3500 4222 3514 4237 ·
