4414 4917
906 442 986 483 22

929 2275 990 2310 10

937 2918 994 2968 ¹5

944 3564 1006 3598 20

1991 424 2520 484 FRAGMENTA

1390 672 1678 739 Secundi
1717 674 2166 755 quaternionis
2192 673 2444 757 solium
2489 672 2831 737 secundnm
2876 667 3136 755 (uerso).

1823 881 1967 952 Fol.
2012 896 2093 961 47
2120 904 2159 947 a
2204 880 2464 967 (Balsa,
2530 878 2718 966 le.).

1435 1090 1534 1172 pit
1583 1085 1783 1178 [esse]
1832 1100 2055 1154 nostra
2101 1089 2436 1173 nauigatio
2482 1088 2529 1127 ¹¹
2557 1112 2672 1156 cen

1436 1220 1609 1283 turio
1654 1230 1879 1284 autem
1924 1221 2349 1303 gubernatori
2391 1230 2457 1285 et
2503 1241 2613 1284 ma

1438 1347 1645 1431 gistro
1691 1347 1877 1411 nauis
1922 1348 2236 1414 credebat
2281 1368 2482 1431 quam
2530 1348 2633 1411 his

1438 1495 1611 1558 quae
1656 1498 1696 1539 a
1744 1475 1941 1559 paulo
1987 1475 2376 1541 dicebantur
2421 1474 2471 1512 ¹2
2492 1484 2560 1541 et
2607 1476 2749 1559 quia

1438 1625 1570 1669 non
1620 1612 1758 1668 erat
1805 1615 1999 1687 aptus
2047 1614 2278 1687 portus
2321 1604 2406 1669 ad
2455 1604 2671 1669 hiem}

1439 1734 1598 1797 dum
1641 1732 1865 1815 plures
1910 1733 2238 1797 abuerunt
2282 1733 2560 1796 consiliu

1441 1873 1516 1928 ut
1560 1861 1894 1926 eleuarent
1941 1861 2096 1926 inde
2140 1862 2191 1926 si
2240 1862 2582 1944 quomodo

1445 1999 1717 2073 possent
1763 1990 2090 2073 deportati
2139 1991 2202 2052 in
2249 1990 2456 2055 senice
2503 1989 2723 2054 hiema

1450 2138 1517 2183 re
1565 2120 1630 2181 in
1679 2119 1900 2183 littore
1948 2129 2163 2183 cretae
2211 2151 2225 2167 ·
2274 2117 2663 2201 respiciente

1448 2257 1677 2312 contra
1721 2247 1993 2311 africum
2042 2258 2108 2310 et
2155 2257 2385 2313 contra
2432 2247 2638 2312 chorfi

1321 2376 1374 2412 ¹³
1404 2374 1640 2441 Flante
1684 2387 1908 2440 autem
1957 2385 2181 2439 austro
2228 2375 2688 2440 existimantes

1450 2506 1861 2588 propositum
1912 2504 2258 2569 consilium
2305 2525 2376 2568 se
2422 2504 2711 2568 tenuisse

1451 2634 1786 2698 eleuantes
1831 2634 1915 2696 de
1960 2654 2111 2697 asso
2157 2631 2595 2714 sublegebant
2640 2652 2746 2696 cre

1449 2772 1588 2825 tam
1638 2795 1652 2810 ·
1702 2759 1757 2799 ¹⁴
1780 2761 2115 2826 descendit
2153 2768 2307 2826 aute
2355 2771 2592 2826 uentus

1450 2891 1803 2955 uehemens
1847 2890 2246 2973 typhonicus
2291 2891 2403 2973 qui
2450 2912 2536 2954 uo

1454 3029 1642 3082 catur
1687 3020 2069 3102 euroaquilo
2116 3018 2166 3056 ¹⁵
2190 3017 2287 3100 (et
2326 3040 2473 3083 cum
2522 3016 2635 3103 ab)

1457 3159 1643 3231 repta
1689 3158 1862 3212 esset
1910 3149 2097 3212 nauis
2143 3145 2321 3233 (nec)
2366 3149 2586 3230 potuit
2632 3168 2700 3210 re

1454 3277 1686 3341 sistere
1733 3287 1934 3341 uento
1982 3277 2287 3341 laxantes
2333 3276 2467 3340 fere

1457 3407 1695 3469 bamur
1741 3405 1793 3443 ¹⁶
1821 3406 1884 3469 in
1934 3405 2189 3470 nsulam
2238 3415 2460 3471 autem
2508 3412 2637 3487 qua

1452 3534 1605 3597 dam
1655 3535 2075 3599 decurrentes
2119 3554 2292 3616 quae
2339 3545 2612 3599 uocatur

1459 3663 1671 3726 cauda
1717 3663 1831 3725 uix
1881 3660 2209 3727 ualuimus
2245 3663 2471 3727 obtine

1465 3812 1532 3854 re
1577 3791 1821 3856 scafam
1877 3790 2079 3874 ¹⁷qua
2120 3791 2385 3857 sublata
2429 3792 2658 3856 adiuto

1466 3920 1574 3983 riis
1623 3921 1972 3986 utebamur
2016 3921 2470 4004 succingentes

1467 4069 1702 4113 nauem
1753 4083 1766 4098 ·
1817 4051 1907 4113 Et
1955 4051 2263 4116 timentes
2308 4072 2391 4115 ne
2437 4051 2502 4115 in
2552 4072 2666 4133 syr

2655 4182 2738 4244 tis

2938 983 3099 1049 Act.
3134 981 3347 1047 xxvii.
3386 1000 3537 1047 10-1
3554 995 3616 1062 7.
