<?xml version="1.0" encoding="UTF-8"?>
<!DOCTYPE html PUBLIC "-//W3C//DTD XHTML 1.0 Transitional//EN"
    "http://www.w3.org/TR/xhtml1/DTD/xhtml1-transitional.dtd">
<html xmlns="http://www.w3.org/1999/xhtml" xml:lang="en" lang="en">
 <head>
  <title>
</title>
<meta http-equiv="Content-Type" content="text/html;charset=utf-8" />
  <meta name='ocr-system' content='tesseract 3.04.00' />
  <meta name='ocr-capabilities' content='ocr_page ocr_carea ocr_par ocr_line ocrx_word'/>
</head>
<body>
  <div class='ocr_page' id='page_1' title='image "./oldlatinbiblica00wordgoog_0171.png"; bbox 0 0 4414 4917; ppageno 0'>
   <div class='ocr_carea' id='block_1_1' title="bbox 628 304 1064 374">
    <p class='ocr_par' dir='ltr' id='par_1_1' title="bbox 628 304 1064 374">
     <span class='ocr_line' id='line_1_1' title="bbox 628 304 1064 374; baseline 0.005 -16"><span class='ocrx_word' id='word_1_1' title='bbox 628 307 813 363; x_wconf 79' lang='lat' dir='ltr'>xxlv.</span> <span class='ocrx_word' id='word_1_2' title='bbox 837 304 1064 374; x_wconf 77' lang='lat'><strong>39-53.]</strong></span> 
     </span>
    </p>
   </div>
   <div class='ocr_carea' id='block_1_2' title="bbox 1956 296 2312 367">
    <p class='ocr_par' dir='ltr' id='par_1_2' title="bbox 1956 296 2312 367">
     <span class='ocr_line' id='line_1_2' title="bbox 1956 296 2312 367; baseline -0.025 0"><span class='ocrx_word' id='word_1_3' title='bbox 1956 296 2278 367; x_wconf 80' lang='lat' dir='ltr'><em>LUCAN</em></span> <span class='ocrx_word' id='word_1_4' title='bbox 2299 328 2312 343; x_wconf 94' lang='lat'><strong>·</strong></span> 
     </span>
    </p>
   </div>
   <div class='ocr_carea' id='block_1_3' title="bbox 2179 470 2804 2428">
    <p class='ocr_par' dir='ltr' id='par_1_3' title="bbox 2179 470 2804 1189">
     <span class='ocr_line' id='line_1_3' title="bbox 2180 470 2695 532; baseline -0.002 -1"><span class='ocrx_word' id='word_1_5' title='bbox 2180 489 2382 532; x_wconf 90' lang='lat' dir='ltr'>ossam</span> <span class='ocrx_word' id='word_1_6' title='bbox 2411 489 2532 530; x_wconf 89' lang='lat' dir='ltr'>non</span> <span class='ocrx_word' id='word_1_7' title='bbox 2562 470 2695 531; x_wconf 90' lang='lat' dir='ltr'>abet</span> 
     </span>
     <span class='ocr_line' id='line_1_4' title="bbox 2181 565 2693 625; baseline 0.002 -2"><span class='ocrx_word' id='word_1_8' title='bbox 2181 566 2327 625; x_wconf 90' lang='lat' dir='ltr'>sicut</span> <span class='ocrx_word' id='word_1_9' title='bbox 2356 583 2451 624; x_wconf 89' lang='lat' dir='ltr'>me</span> <span class='ocrx_word' id='word_1_10' title='bbox 2484 565 2693 624; x_wconf 89' lang='lat' dir='ltr'>uidetis</span> 
     </span>
     <span class='ocr_line' id='line_1_5' title="bbox 2179 658 2760 720; baseline 0 -2"><span class='ocrx_word' id='word_1_11' title='bbox 2179 660 2395 718; x_wconf 86' lang='lat' dir='ltr'>habere</span> <span class='ocrx_word' id='word_1_12' title='bbox 2416 691 2429 705; x_wconf 94' lang='lat'><strong>·</strong></span> <span class='ocrx_word' id='word_1_13' title='bbox 2474 659 2521 693; x_wconf 80' lang='lat'>⁴⁰</span> <span class='ocrx_word' id='word_1_14' title='bbox 2538 658 2615 716; x_wconf 88' lang='lat' dir='ltr'>Et</span> <span class='ocrx_word' id='word_1_15' title='bbox 2642 659 2760 720; x_wconf 88' lang='lat' dir='ltr'>hoc</span> 
     </span>
     <span class='ocr_line' id='line_1_6' title="bbox 2180 752 2716 813; baseline 0.004 -2"><span class='ocrx_word' id='word_1_16' title='bbox 2180 771 2317 812; x_wconf 88' lang='lat' dir='ltr'>cum</span> <span class='ocrx_word' id='word_1_17' title='bbox 2348 752 2589 813; x_wconf 86' lang='lat' dir='ltr'>dixisset</span> <span class='ocrx_word' id='word_1_18' title='bbox 2645 771 2716 813; x_wconf 95' lang='lat' dir='ltr'>os</span> 
     </span>
     <span class='ocr_line' id='line_1_7' title="bbox 2180 847 2721 907; baseline 0 -1"><span class='ocrx_word' id='word_1_19' title='bbox 2180 847 2369 906; x_wconf 89' lang='lat' dir='ltr'>tendit</span> <span class='ocrx_word' id='word_1_20' title='bbox 2397 848 2480 907; x_wconf 93' lang='lat' dir='ltr'>eis</span> <span class='ocrx_word' id='word_1_21' title='bbox 2508 865 2721 907; x_wconf 89' lang='lat' dir='ltr'>manus</span> 
     </span>
     <span class='ocr_line' id='line_1_8' title="bbox 2180 940 2804 1018; baseline 0 -17"><span class='ocrx_word' id='word_1_22' title='bbox 2180 950 2240 1001; x_wconf 86' lang='lat' dir='ltr'>et</span> <span class='ocrx_word' id='word_1_23' title='bbox 2267 941 2449 1018; x_wconf 91' lang='lat' dir='ltr'>pedes</span> <span class='ocrx_word' id='word_1_24' title='bbox 2472 973 2487 988; x_wconf 93' lang='lat'><strong>·</strong></span> <span class='ocrx_word' id='word_1_25' title='bbox 2529 940 2573 974; x_wconf 80' lang='lat'>⁴¹</span> <span class='ocrx_word' id='word_1_26' title='bbox 2589 941 2804 1001; x_wconf 86' lang='lat' dir='ltr'>Adhuc</span> 
     </span>
     <span class='ocr_line' id='line_1_9' title="bbox 2180 1034 2665 1095; baseline -0.002 -1"><span class='ocrx_word' id='word_1_27' title='bbox 2180 1045 2378 1094; x_wconf 84' lang='lat' dir='ltr'>autem</span> <span class='ocrx_word' id='word_1_28' title='bbox 2408 1034 2515 1093; x_wconf 93' lang='lat' dir='ltr'>illis</span> <span class='ocrx_word' id='word_1_29' title='bbox 2543 1053 2665 1095; x_wconf 89' lang='lat' dir='ltr'>non</span> 
     </span>
     <span class='ocr_line' id='line_1_10' title="bbox 2182 1128 2550 1189; baseline 0.003 -1"><span class='ocrx_word' id='word_1_30' title='bbox 2182 1128 2550 1189; x_wconf 86' lang='lat' dir='ltr'>credentibus</span> 
     </span>
    </p>

    <p class='ocr_par' dir='ltr' id='par_1_4' title="bbox 2182 1223 2612 1282">
     <span class='ocr_line' id='line_1_11' title="bbox 2182 1223 2612 1282; baseline 0 0"><span class='ocrx_word' id='word_1_31' title='bbox 2182 1231 2242 1282; x_wconf 89' lang='lat' dir='ltr'>et</span> <span class='ocrx_word' id='word_1_32' title='bbox 2270 1223 2612 1282; x_wconf 87' lang='lat' dir='ltr'>mirantibus</span> 
     </span>
    </p>

    <p class='ocr_par' dir='ltr' id='par_1_5' title="bbox 2180 1316 2777 1657">
     <span class='ocr_line' id='line_1_12' title="bbox 2180 1316 2777 1394; baseline 0.003 -20"><span class='ocrx_word' id='word_1_33' title='bbox 2180 1334 2283 1393; x_wconf 84' lang='lat' dir='ltr'>pre</span> <span class='ocrx_word' id='word_1_34' title='bbox 2313 1316 2530 1394; x_wconf 82' lang='lat' dir='ltr'>gaudio</span> <span class='ocrx_word' id='word_1_35' title='bbox 2554 1348 2569 1363; x_wconf 92' lang='lat'><strong>·</strong></span> <span class='ocrx_word' id='word_1_36' title='bbox 2635 1316 2777 1376; x_wconf 84' lang='lat' dir='ltr'>dixit</span> 
     </span>
     <span class='ocr_line' id='line_1_13' title="bbox 2182 1409 2645 1469; baseline -0.004 0"><span class='ocrx_word' id='word_1_37' title='bbox 2182 1411 2266 1469; x_wconf 92' lang='lat' dir='ltr'>eis</span> <span class='ocrx_word' id='word_1_38' title='bbox 2321 1409 2547 1469; x_wconf 87' lang='lat' dir='ltr'>habetis</span> <span class='ocrx_word' id='word_1_39' title='bbox 2569 1409 2645 1469; x_wconf 88' lang='lat' dir='ltr'>ali</span> 
     </span>
     <span class='ocr_line' id='line_1_14' title="bbox 2183 1502 2640 1582; baseline 0.002 -20"><span class='ocrx_word' id='word_1_40' title='bbox 2183 1504 2326 1582; x_wconf 92' lang='lat' dir='ltr'>quid</span> <span class='ocrx_word' id='word_1_41' title='bbox 2354 1502 2447 1563; x_wconf 92' lang='lat' dir='ltr'>hic</span> <span class='ocrx_word' id='word_1_42' title='bbox 2476 1503 2640 1582; x_wconf 87' lang='lat' dir='ltr'>quod</span> 
     </span>
     <span class='ocr_line' id='line_1_15' title="bbox 2183 1599 2580 1657; baseline -0.003 0"><span class='ocrx_word' id='word_1_43' title='bbox 2183 1599 2541 1657; x_wconf 87' lang='lat' dir='ltr'>manducare</span> <span class='ocrx_word' id='word_1_44' title='bbox 2565 1629 2580 1645; x_wconf 90' lang='lat'><strong>·</strong></span> 
     </span>
    </p>

    <p class='ocr_par' dir='ltr' id='par_1_6' title="bbox 2181 1690 2797 1864">
     <span class='ocr_line' id='line_1_16' title="bbox 2182 1690 2797 1769; baseline 0 -18"><span class='ocrx_word' id='word_1_45' title='bbox 2182 1690 2228 1726; x_wconf 80' lang='lat'>⁴²</span> <span class='ocrx_word' id='word_1_46' title='bbox 2244 1693 2326 1751; x_wconf 87' lang='lat' dir='ltr'>At</span> <span class='ocrx_word' id='word_1_47' title='bbox 2353 1691 2432 1751; x_wconf 91' lang='lat' dir='ltr'>illi</span> <span class='ocrx_word' id='word_1_48' title='bbox 2461 1692 2797 1769; x_wconf 86' lang='lat' dir='ltr'>optulerunt</span> 
     </span>
     <span class='ocr_line' id='line_1_17' title="bbox 2181 1786 2641 1864; baseline 0.004 -21"><span class='ocrx_word' id='word_1_49' title='bbox 2181 1786 2260 1844; x_wconf 91' lang='lat' dir='ltr'>illi</span> <span class='ocrx_word' id='word_1_50' title='bbox 2288 1796 2516 1863; x_wconf 87' lang='lat' dir='ltr'>partem</span> <span class='ocrx_word' id='word_1_51' title='bbox 2547 1788 2641 1864; x_wconf 92' lang='lat' dir='ltr'>pis</span> 
     </span>
    </p>

    <p class='ocr_par' dir='ltr' id='par_1_7' title="bbox 2181 1880 2776 2428">
     <span class='ocr_line' id='line_1_18' title="bbox 2183 1880 2735 1939; baseline 0.002 -1"><span class='ocrx_word' id='word_1_52' title='bbox 2183 1881 2270 1938; x_wconf 89' lang='lat' dir='ltr'>cis</span> <span class='ocrx_word' id='word_1_53' title='bbox 2298 1897 2492 1938; x_wconf 89' lang='lat' dir='ltr'>assam</span> <span class='ocrx_word' id='word_1_54' title='bbox 2551 1880 2630 1939; x_wconf 89' lang='lat' dir='ltr'>Et</span> <span class='ocrx_word' id='word_1_55' title='bbox 2660 1880 2735 1939; x_wconf 87' lang='lat' dir='ltr'>de</span> 
     </span>
     <span class='ocr_line' id='line_1_19' title="bbox 2181 1972 2743 2034; baseline 0.005 -4"><span class='ocrx_word' id='word_1_56' title='bbox 2181 1972 2318 2034; x_wconf 85' lang='lat' dir='ltr'>fauo</span> <span class='ocrx_word' id='word_1_57' title='bbox 2373 1974 2420 2007; x_wconf 80' lang='lat'>⁴³</span> <span class='ocrx_word' id='word_1_58' title='bbox 2435 1982 2493 2033; x_wconf 92' lang='lat' dir='ltr'>et</span> <span class='ocrx_word' id='word_1_59' title='bbox 2520 1975 2743 2033; x_wconf 87' lang='lat' dir='ltr'>mandu</span> 
     </span>
     <span class='ocr_line' id='line_1_20' title="bbox 2183 2067 2729 2144; baseline 0.002 -18"><span class='ocrx_word' id='word_1_60' title='bbox 2183 2084 2327 2126; x_wconf 88' lang='lat' dir='ltr'>cans</span> <span class='ocrx_word' id='word_1_61' title='bbox 2358 2086 2558 2127; x_wconf 89' lang='lat' dir='ltr'>coram</span> <span class='ocrx_word' id='word_1_62' title='bbox 2588 2067 2729 2144; x_wconf 89' lang='lat' dir='ltr'>ipsis</span> 
     </span>
     <span class='ocr_line' id='line_1_21' title="bbox 2182 2160 2776 2221; baseline 0.003 -2"><span class='ocrx_word' id='word_1_63' title='bbox 2182 2161 2228 2193; x_wconf 80' lang='lat'>⁴⁴</span> <span class='ocrx_word' id='word_1_64' title='bbox 2250 2160 2327 2219; x_wconf 85' lang='lat' dir='ltr'>Et</span> <span class='ocrx_word' id='word_1_65' title='bbox 2355 2162 2499 2221; x_wconf 85' lang='lat' dir='ltr'>dixit</span> <span class='ocrx_word' id='word_1_66' title='bbox 2529 2161 2603 2219; x_wconf 88' lang='lat' dir='ltr'>ad</span> <span class='ocrx_word' id='word_1_67' title='bbox 2635 2180 2738 2221; x_wconf 91' lang='lat' dir='ltr'>eos</span> <span class='ocrx_word' id='word_1_68' title='bbox 2761 2191 2776 2208; x_wconf 92' lang='lat'><strong>·</strong></span> 
     </span>
     <span class='ocr_line' id='line_1_22' title="bbox 2183 2254 2723 2319; baseline -0.007 -1"><span class='ocrx_word' id='word_1_69' title='bbox 2183 2260 2220 2319; x_wconf 87' lang='lat'>†</span> <span class='ocrx_word' id='word_1_70' title='bbox 2239 2254 2349 2315; x_wconf 92' lang='lat' dir='ltr'>hec</span> <span class='ocrx_word' id='word_1_71' title='bbox 2379 2264 2513 2314; x_wconf 90' lang='lat' dir='ltr'>sunt</span> <span class='ocrx_word' id='word_1_72' title='bbox 2540 2257 2723 2315; x_wconf 88' lang='lat' dir='ltr'>uerba</span> 
     </span>
     <span class='ocr_line' id='line_1_23' title="bbox 2183 2349 2684 2428; baseline 0 -20"><span class='ocrx_word' id='word_1_73' title='bbox 2183 2368 2332 2428; x_wconf 87' lang='lat' dir='ltr'>quae</span> <span class='ocrx_word' id='word_1_74' title='bbox 2360 2349 2585 2410; x_wconf 92' lang='lat' dir='ltr'>locutus</span> <span class='ocrx_word' id='word_1_75' title='bbox 2615 2356 2684 2409; x_wconf 75' lang='lat' dir='ltr'>sii</span> 
     </span>
    </p>
   </div>
   <div class='ocr_carea' id='block_1_4' title="bbox 2217 2479 2854 2533">
    <p class='ocr_par' dir='ltr' id='par_1_8' title="bbox 2217 2479 2854 2533">
     <span class='ocr_line' id='line_1_24' title="bbox 2217 2479 2854 2533; baseline 0.005 -3"><span class='ocrx_word' id='word_1_76' title='bbox 2217 2481 2270 2531; x_wconf 87' lang='lat' dir='ltr'>in</span> <span class='ocrx_word' id='word_1_77' title='bbox 2309 2481 2392 2531; x_wconf 92' lang='lat' dir='ltr'>die</span> <span class='ocrx_word' id='word_1_78' title='bbox 2425 2479 2734 2532; x_wconf 71' lang='lat' dir='ltr'>ascensiones</span> <span class='ocrx_word' id='word_1_79' title='bbox 2768 2481 2854 2533; x_wconf 73' lang='lat' dir='ltr'>dni</span> 
     </span>
    </p>
   </div>
   <div class='ocr_carea' id='block_1_5' title="bbox 2249 2559 2819 2620">
    <p class='ocr_par' dir='ltr' id='par_1_9' title="bbox 2249 2559 2819 2620">
     <span class='ocr_line' id='line_1_25' title="bbox 2249 2559 2819 2620; baseline 0 -12"><span class='ocrx_word' id='word_1_80' title='bbox 2249 2559 2404 2609; x_wconf 80' lang='lat' dir='ltr'>nostri</span> <span class='ocrx_word' id='word_1_81' title='bbox 2427 2560 2513 2608; x_wconf 72' lang='lat' dir='ltr'>ihu</span> <span class='ocrx_word' id='word_1_82' title='bbox 2531 2560 2611 2620; x_wconf 62' lang='lat' dir='ltr'>xpi</span> <span class='ocrx_word' id='word_1_83' title='bbox 2634 2559 2819 2609; x_wconf 86' lang='lat' dir='ltr'>second</span> 
     </span>
    </p>
   </div>
   <div class='ocr_carea' id='block_1_6' title="bbox 2217 2636 2854 2703">
    <p class='ocr_par' dir='ltr' id='par_1_10' title="bbox 2217 2636 2854 2703">
     <span class='ocr_line' id='line_1_26' title="bbox 2217 2636 2854 2703; baseline -0.003 -14"><span class='ocrx_word' id='word_1_84' title='bbox 2217 2653 2413 2689; x_wconf 78' lang='lat' dir='ltr'>carnem</span> <span class='ocrx_word' id='word_1_85' title='bbox 2435 2637 2585 2687; x_wconf 87' lang='lat' dir='ltr'>lectio</span> <span class='ocrx_word' id='word_1_86' title='bbox 2602 2636 2854 2703; x_wconf 81' lang='lat' dir='ltr'>euangelii</span> 
     </span>
    </p>
   </div>
   <div class='ocr_carea' id='block_1_7' title="bbox 2336 2714 2740 2766">
    <p class='ocr_par' dir='ltr' id='par_1_11' title="bbox 2336 2714 2740 2766">
     <span class='ocr_line' id='line_1_27' title="bbox 2336 2714 2740 2766; baseline -0.002 0"><span class='ocrx_word' id='word_1_87' title='bbox 2336 2715 2604 2766; x_wconf 81' lang='lat' dir='ltr'>secondum</span> <span class='ocrx_word' id='word_1_88' title='bbox 2627 2714 2740 2765; x_wconf 81' lang='lat' dir='ltr'>luca</span> 
     </span>
    </p>
   </div>
   <div class='ocr_carea' id='block_1_8' title="bbox 2174 2830 2803 3844">
    <p class='ocr_par' dir='ltr' id='par_1_12' title="bbox 2181 2830 2803 3656">
     <span class='ocr_line' id='line_1_28' title="bbox 2181 2830 2702 2892; baseline -0.002 -1"><span class='ocrx_word' id='word_1_89' title='bbox 2181 2830 2259 2891; x_wconf 90' lang='lat' dir='ltr'>ad</span> <span class='ocrx_word' id='word_1_90' title='bbox 2288 2850 2399 2892; x_wconf 94' lang='lat' dir='ltr'>uos</span> <span class='ocrx_word' id='word_1_91' title='bbox 2460 2850 2596 2892; x_wconf 92' lang='lat' dir='ltr'>cum</span> <span class='ocrx_word' id='word_1_92' title='bbox 2626 2832 2702 2891; x_wconf 92' lang='lat' dir='ltr'>ad</span> 
     </span>
     <span class='ocr_line' id='line_1_29' title="bbox 2182 2924 2719 2986; baseline 0.004 -2"><span class='ocrx_word' id='word_1_93' title='bbox 2182 2924 2297 2985; x_wconf 90' lang='lat' dir='ltr'>huc</span> <span class='ocrx_word' id='word_1_94' title='bbox 2327 2943 2518 2985; x_wconf 91' lang='lat' dir='ltr'>essem</span> <span class='ocrx_word' id='word_1_95' title='bbox 2547 2927 2719 2986; x_wconf 90' lang='lat' dir='ltr'>uobis</span> 
     </span>
     <span class='ocr_line' id='line_1_30' title="bbox 2184 3027 2771 3096; baseline 0.005 -18"><span class='ocrx_word' id='word_1_96' title='bbox 2184 3037 2321 3079; x_wconf 92' lang='lat' dir='ltr'>cum</span> <span class='ocrx_word' id='word_1_97' title='bbox 2346 3051 2360 3067; x_wconf 92' lang='lat'><strong>·</strong></span> <span class='ocrx_word' id='word_1_98' title='bbox 2420 3027 2563 3096; x_wconf 80' lang='lat' dir='ltr'>qiim</span> <span class='ocrx_word' id='word_1_99' title='bbox 2594 3039 2771 3082; x_wconf 89' lang='lat' dir='ltr'>neces</span> 
     </span>
     <span class='ocr_line' id='line_1_31' title="bbox 2184 3114 2745 3190; baseline 0.002 -18"><span class='ocrx_word' id='word_1_100' title='bbox 2184 3131 2250 3173; x_wconf 87' lang='lat' dir='ltr'>se</span> <span class='ocrx_word' id='word_1_101' title='bbox 2277 3123 2365 3173; x_wconf 87' lang='lat' dir='ltr'>est</span> <span class='ocrx_word' id='word_1_102' title='bbox 2392 3114 2616 3190; x_wconf 90' lang='lat' dir='ltr'>impleri</span> <span class='ocrx_word' id='word_1_103' title='bbox 2644 3132 2745 3173; x_wconf 93' lang='lat' dir='ltr'>om</span> 
     </span>
     <span class='ocr_line' id='line_1_32' title="bbox 2183 3207 2709 3285; baseline 0.004 -21"><span class='ocrx_word' id='word_1_104' title='bbox 2183 3207 2281 3265; x_wconf 92' lang='lat' dir='ltr'>nia</span> <span class='ocrx_word' id='word_1_105' title='bbox 2315 3225 2463 3284; x_wconf 86' lang='lat' dir='ltr'>quae</span> <span class='ocrx_word' id='word_1_106' title='bbox 2494 3208 2709 3285; x_wconf 89' lang='lat' dir='ltr'>scripta</span> 
     </span>
     <span class='ocr_line' id='line_1_33' title="bbox 2183 3301 2785 3378; baseline 0.003 -19"><span class='ocrx_word' id='word_1_107' title='bbox 2183 3311 2319 3359; x_wconf 88' lang='lat' dir='ltr'>sunt</span> <span class='ocrx_word' id='word_1_108' title='bbox 2347 3302 2408 3359; x_wconf 92' lang='lat' dir='ltr'>in</span> <span class='ocrx_word' id='word_1_109' title='bbox 2437 3301 2566 3378; x_wconf 84' lang='lat' dir='ltr'>lege</span> <span class='ocrx_word' id='word_1_110' title='bbox 2595 3303 2785 3378; x_wconf 86' lang='lat' dir='ltr'>moysi</span> 
     </span>
     <span class='ocr_line' id='line_1_34' title="bbox 2184 3393 2784 3472; baseline 0.003 -19"><span class='ocrx_word' id='word_1_111' title='bbox 2184 3403 2244 3453; x_wconf 90' lang='lat' dir='ltr'>et</span> <span class='ocrx_word' id='word_1_112' title='bbox 2272 3393 2508 3471; x_wconf 86' lang='lat' dir='ltr'>profetis</span> <span class='ocrx_word' id='word_1_113' title='bbox 2571 3404 2629 3454; x_wconf 91' lang='lat' dir='ltr'>et</span> <span class='ocrx_word' id='word_1_114' title='bbox 2657 3396 2784 3472; x_wconf 89' lang='lat' dir='ltr'>psal</span> 
     </span>
     <span class='ocr_line' id='line_1_35' title="bbox 2183 3485 2803 3548; baseline 0.003 -2"><span class='ocrx_word' id='word_1_115' title='bbox 2183 3487 2295 3546; x_wconf 92' lang='lat' dir='ltr'>mis</span> <span class='ocrx_word' id='word_1_116' title='bbox 2323 3485 2396 3546; x_wconf 89' lang='lat' dir='ltr'>de</span> <span class='ocrx_word' id='word_1_117' title='bbox 2426 3507 2522 3547; x_wconf 89' lang='lat' dir='ltr'>me</span> <span class='ocrx_word' id='word_1_118' title='bbox 2541 3519 2556 3535; x_wconf 91' lang='lat'><strong>·</strong></span> <span class='ocrx_word' id='word_1_119' title='bbox 2600 3488 2646 3522; x_wconf 78' lang='lat'>⁴⁸</span> <span class='ocrx_word' id='word_1_120' title='bbox 2664 3500 2803 3548; x_wconf 91' lang='lat' dir='ltr'>tunc</span> 
     </span>
     <span class='ocr_line' id='line_1_36' title="bbox 2185 3582 2632 3656; baseline 0.002 -17"><span class='ocrx_word' id='word_1_121' title='bbox 2185 3582 2410 3656; x_wconf 89' lang='lat' dir='ltr'>aperuit</span> <span class='ocrx_word' id='word_1_122' title='bbox 2431 3600 2632 3656; x_wconf 64' lang='lat' dir='ltr'>aperu-</span> 
     </span>
    </p>

    <p class='ocr_par' dir='ltr' id='par_1_13' title="bbox 2174 3663 2639 3735">
     <span class='ocr_line' id='line_1_37' title="bbox 2174 3663 2639 3735; baseline -0.004 0"><span class='ocrx_word' id='word_1_123' title='bbox 2174 3663 2238 3735; x_wconf 57' lang='grc' dir='ltr'>«ὶιί</span> <span class='ocrx_word' id='word_1_124' title='bbox 2264 3673 2372 3731; x_wconf 93' lang='lat' dir='ltr'>illis</span> <span class='ocrx_word' id='word_1_125' title='bbox 2400 3691 2639 3733; x_wconf 91' lang='lat' dir='ltr'>sensum</span> 
     </span>
    </p>

    <p class='ocr_par' dir='ltr' id='par_1_14' title="bbox 2181 3766 2643 3844">
     <span class='ocr_line' id='line_1_38' title="bbox 2181 3766 2643 3844; baseline 0 -19"><span class='ocrx_word' id='word_1_126' title='bbox 2181 3776 2248 3825; x_wconf 89' lang='lat' dir='ltr'>ut</span> <span class='ocrx_word' id='word_1_127' title='bbox 2264 3766 2643 3844; x_wconf 88' lang='lat' dir='ltr'>intelligerent</span> 
     </span>
    </p>
   </div>
   <div class='ocr_carea' id='block_1_9' title="bbox 2184 3862 2836 3938">
    <p class='ocr_par' dir='ltr' id='par_1_15' title="bbox 2184 3862 2836 3938">
     <span class='ocr_line' id='line_1_39' title="bbox 2184 3862 2836 3938; baseline 0.003 -19"><span class='ocrx_word' id='word_1_128' title='bbox 2184 3878 2257 3919; x_wconf 88' lang='lat' dir='ltr'>ea</span> <span class='ocrx_word' id='word_1_129' title='bbox 2285 3878 2399 3938; x_wconf 89' lang='lat' dir='ltr'>que</span> <span class='ocrx_word' id='word_1_130' title='bbox 2429 3862 2641 3937; x_wconf 88' lang='lat' dir='ltr'>scripta</span> <span class='ocrx_word' id='word_1_131' title='bbox 2669 3872 2803 3921; x_wconf 91' lang='lat' dir='ltr'>sunt</span> <span class='ocrx_word' id='word_1_132' title='bbox 2822 3894 2836 3910; x_wconf 91' lang='lat'><strong>·</strong></span> 
     </span>
    </p>
   </div>
   <div class='ocr_carea' id='block_1_10' title="bbox 2183 3953 2816 4764">
    <p class='ocr_par' dir='ltr' id='par_1_16' title="bbox 2184 3953 2816 4124">
     <span class='ocr_line' id='line_1_40' title="bbox 2184 3953 2816 4032; baseline 0.006 -21"><span class='ocrx_word' id='word_1_133' title='bbox 2184 3954 2229 3987; x_wconf 81' lang='lat'>⁴⁶</span> <span class='ocrx_word' id='word_1_134' title='bbox 2244 3953 2322 4012; x_wconf 89' lang='lat' dir='ltr'>Et</span> <span class='ocrx_word' id='word_1_135' title='bbox 2350 3953 2492 4012; x_wconf 81' lang='lat' dir='ltr'>dixit</span> <span class='ocrx_word' id='word_1_136' title='bbox 2520 3955 2603 4013; x_wconf 87' lang='lat' dir='ltr'>eis</span> <span class='ocrx_word' id='word_1_137' title='bbox 2671 3961 2816 4032; x_wconf 73' lang='lat' dir='ltr'>qum</span> 
     </span>
     <span class='ocr_line' id='line_1_41' title="bbox 2186 4048 2724 4124; baseline 0.002 -18"><span class='ocrx_word' id='word_1_138' title='bbox 2186 4049 2270 4107; x_wconf 90' lang='lat' dir='ltr'>sic</span> <span class='ocrx_word' id='word_1_139' title='bbox 2298 4048 2576 4124; x_wconf 90' lang='lat' dir='ltr'>scriptum</span> <span class='ocrx_word' id='word_1_140' title='bbox 2604 4057 2692 4107; x_wconf 92' lang='lat' dir='ltr'>est</span> <span class='ocrx_word' id='word_1_141' title='bbox 2710 4080 2724 4096; x_wconf 91' lang='lat'><strong>·</strong></span> 
     </span>
    </p>

    <p class='ocr_par' dir='ltr' id='par_1_17' title="bbox 2185 4142 2703 4406">
     <span class='ocr_line' id='line_1_42' title="bbox 2185 4142 2642 4219; baseline -0.002 -18"><span class='ocrx_word' id='word_1_142' title='bbox 2185 4151 2244 4201; x_wconf 88' lang='lat' dir='ltr'>et</span> <span class='ocrx_word' id='word_1_143' title='bbox 2272 4142 2354 4201; x_wconf 92' lang='lat' dir='ltr'>sic</span> <span class='ocrx_word' id='word_1_144' title='bbox 2387 4143 2642 4219; x_wconf 89' lang='lat' dir='ltr'>oportuit</span> 
     </span>
     <span class='ocr_line' id='line_1_43' title="bbox 2185 4236 2691 4312; baseline 0.006 -20"><span class='ocrx_word' id='word_1_145' title='bbox 2185 4240 2331 4311; x_wconf 76' lang='lat' dir='ltr'>xpm</span> <span class='ocrx_word' id='word_1_146' title='bbox 2358 4236 2479 4312; x_wconf 89' lang='lat' dir='ltr'>pati</span> <span class='ocrx_word' id='word_1_147' title='bbox 2542 4246 2601 4294; x_wconf 87' lang='lat' dir='ltr'>et</span> <span class='ocrx_word' id='word_1_148' title='bbox 2629 4254 2691 4296; x_wconf 89' lang='lat' dir='ltr'>re</span> 
     </span>
     <span class='ocr_line' id='line_1_44' title="bbox 2186 4340 2703 4406; baseline 0 -17"><span class='ocrx_word' id='word_1_149' title='bbox 2186 4347 2418 4406; x_wconf 84' lang='lat' dir='ltr'>surgere</span> <span class='ocrx_word' id='word_1_150' title='bbox 2447 4346 2482 4386; x_wconf 87' lang='lat' dir='ltr'>a</span> <span class='ocrx_word' id='word_1_151' title='bbox 2508 4340 2703 4389; x_wconf 89' lang='lat' dir='ltr'>mortu</span> 
     </span>
    </p>

    <p class='ocr_par' dir='ltr' id='par_1_18' title="bbox 2185 4422 2541 4482">
     <span class='ocr_line' id='line_1_45' title="bbox 2185 4422 2541 4482; baseline 0 -1"><span class='ocrx_word' id='word_1_152' title='bbox 2185 4424 2233 4481; x_wconf 89' lang='lat' dir='ltr'>is</span> <span class='ocrx_word' id='word_1_153' title='bbox 2263 4423 2425 4482; x_wconf 89' lang='lat' dir='ltr'>tertia</span> <span class='ocrx_word' id='word_1_154' title='bbox 2450 4422 2541 4481; x_wconf 90' lang='lat' dir='ltr'>die</span> 
     </span>
    </p>

    <p class='ocr_par' dir='ltr' id='par_1_19' title="bbox 2183 4516 2813 4764">
     <span class='ocr_line' id='line_1_46' title="bbox 2183 4516 2813 4593; baseline 0.005 -18"><span class='ocrx_word' id='word_1_155' title='bbox 2183 4516 2229 4548; x_wconf 81' lang='lat'>⁴⁷</span> <span class='ocrx_word' id='word_1_156' title='bbox 2247 4526 2305 4575; x_wconf 88' lang='lat' dir='ltr'>et</span> <span class='ocrx_word' id='word_1_157' title='bbox 2330 4516 2615 4593; x_wconf 87' lang='lat' dir='ltr'>predicari</span> <span class='ocrx_word' id='word_1_158' title='bbox 2643 4517 2704 4576; x_wconf 91' lang='lat' dir='ltr'>in</span> <span class='ocrx_word' id='word_1_159' title='bbox 2733 4536 2813 4578; x_wconf 91' lang='lat' dir='ltr'>no</span> 
     </span>
     <span class='ocr_line' id='line_1_47' title="bbox 2183 4609 2655 4686; baseline 0.008 -22"><span class='ocrx_word' id='word_1_160' title='bbox 2183 4609 2339 4667; x_wconf 90' lang='lat' dir='ltr'>mine</span> <span class='ocrx_word' id='word_1_161' title='bbox 2366 4610 2489 4668; x_wconf 92' lang='lat' dir='ltr'>eius</span> <span class='ocrx_word' id='word_1_162' title='bbox 2517 4609 2655 4686; x_wconf 87' lang='lat' dir='ltr'>peni</span> 
     </span>
     <span class='ocr_line' id='line_1_48' title="bbox 2183 4703 2724 4764; baseline 0.007 -5"><span class='ocrx_word' id='word_1_163' title='bbox 2183 4703 2425 4763; x_wconf 88' lang='lat' dir='ltr'>tentiam</span> <span class='ocrx_word' id='word_1_164' title='bbox 2461 4714 2520 4763; x_wconf 90' lang='lat' dir='ltr'>et</span> <span class='ocrx_word' id='word_1_165' title='bbox 2546 4704 2724 4764; x_wconf 85' lang='lat' dir='ltr'>remis</span> 
     </span>
    </p>
   </div>
   <div class='ocr_carea' id='block_1_11' title="bbox 3522 315 3640 362">
    <p class='ocr_par' dir='ltr' id='par_1_20' title="bbox 3522 315 3640 362">
     <span class='ocr_line' id='line_1_49' title="bbox 3522 315 3640 362; baseline 0.017 -2"><span class='ocrx_word' id='word_1_166' title='bbox 3522 315 3640 362; x_wconf 89' lang='lat'>111</span> 
     </span>
    </p>
   </div>
   <div class='ocr_carea' id='block_1_12' title="bbox 2934 471 3585 2416">
    <p class='ocr_par' dir='ltr' id='par_1_21' title="bbox 2936 471 3534 832">
     <span class='ocr_line' id='line_1_50' title="bbox 2938 471 3441 549; baseline 0.004 -19"><span class='ocrx_word' id='word_1_167' title='bbox 2938 471 3165 531; x_wconf 85' lang='lat' dir='ltr'>sionem</span> <span class='ocrx_word' id='word_1_168' title='bbox 3194 481 3441 549; x_wconf 85' lang='lat' dir='ltr'>peccato</span> 
     </span>
     <span class='ocr_line' id='line_1_51' title="bbox 2937 566 3534 644; baseline 0.007 -22"><span class='ocrx_word' id='word_1_169' title='bbox 2937 583 3068 623; x_wconf 93' lang='lat' dir='ltr'>rum</span> <span class='ocrx_word' id='word_1_170' title='bbox 3128 566 3188 624; x_wconf 92' lang='lat' dir='ltr'>in</span> <span class='ocrx_word' id='word_1_171' title='bbox 3218 567 3380 625; x_wconf 92' lang='lat' dir='ltr'>omni</span> <span class='ocrx_word' id='word_1_172' title='bbox 3414 585 3534 644; x_wconf 82' lang='lat' dir='ltr'>gen</span> 
     </span>
     <span class='ocr_line' id='line_1_52' title="bbox 2936 661 3468 738; baseline 0.006 -20"><span class='ocrx_word' id='word_1_173' title='bbox 2936 669 2993 718; x_wconf 90' lang='lat' dir='ltr'>te</span> <span class='ocrx_word' id='word_1_174' title='bbox 3055 661 3468 738; x_wconf 84' lang='lat' dir='ltr'>incipientibus</span> 
     </span>
     <span class='ocr_line' id='line_1_53' title="bbox 2936 754 3429 832; baseline 0.002 -19"><span class='ocrx_word' id='word_1_175' title='bbox 2936 754 3013 813; x_wconf 94' lang='lat' dir='ltr'>ab</span> <span class='ocrx_word' id='word_1_176' title='bbox 3041 754 3429 832; x_wconf 87' lang='lat' dir='ltr'>hierosolyma</span> 
     </span>
    </p>

    <p class='ocr_par' dir='ltr' id='par_1_22' title="bbox 2934 847 3530 1003">
     <span class='ocr_line' id='line_1_54' title="bbox 2934 847 3530 911; baseline 0.007 -4"><span class='ocrx_word' id='word_1_177' title='bbox 2934 848 2980 881; x_wconf 81' lang='lat'>⁴⁸</span> <span class='ocrx_word' id='word_1_178' title='bbox 2999 847 3127 908; x_wconf 91' lang='lat' dir='ltr'>Uos</span> <span class='ocrx_word' id='word_1_179' title='bbox 3161 860 3357 908; x_wconf 85' lang='lat' dir='ltr'>autem</span> <span class='ocrx_word' id='word_1_180' title='bbox 3390 849 3530 911; x_wconf 88' lang='lat' dir='ltr'>estis</span> 
     </span>
     <span class='ocr_line' id='line_1_55' title="bbox 2936 943 3351 1003; baseline -0.002 -1"><span class='ocrx_word' id='word_1_181' title='bbox 2936 952 3110 1002; x_wconf 89' lang='lat' dir='ltr'>testes</span> <span class='ocrx_word' id='word_1_182' title='bbox 3137 943 3351 1003; x_wconf 86' lang='lat' dir='ltr'>horum</span> 
     </span>
    </p>

    <p class='ocr_par' dir='ltr' id='par_1_23' title="bbox 2935 1037 3585 1285">
     <span class='ocr_line' id='line_1_56' title="bbox 2935 1037 3585 1113; baseline 0.005 -17"><span class='ocrx_word' id='word_1_183' title='bbox 2935 1038 2980 1071; x_wconf 81' lang='lat'>⁴⁹</span> <span class='ocrx_word' id='word_1_184' title='bbox 2998 1037 3075 1096; x_wconf 89' lang='lat' dir='ltr'>Et</span> <span class='ocrx_word' id='word_1_185' title='bbox 3103 1056 3241 1096; x_wconf 89' lang='lat' dir='ltr'>ecce</span> <span class='ocrx_word' id='word_1_186' title='bbox 3275 1054 3391 1113; x_wconf 86' lang='lat' dir='ltr'>ego</span> <span class='ocrx_word' id='word_1_187' title='bbox 3418 1038 3585 1100; x_wconf 90' lang='lat' dir='ltr'>mitto</span> 
     </span>
     <span class='ocr_line' id='line_1_57' title="bbox 2935 1128 3428 1209; baseline 0.002 -20"><span class='ocrx_word' id='word_1_188' title='bbox 2935 1132 3223 1209; x_wconf 87' lang='lat' dir='ltr'>promissa</span> <span class='ocrx_word' id='word_1_189' title='bbox 3250 1128 3428 1209; x_wconf 76' lang='lat' dir='ltr'>patris</span> 
     </span>
     <span class='ocr_line' id='line_1_58' title="bbox 2936 1225 3377 1285; baseline 0.005 -2"><span class='ocrx_word' id='word_1_190' title='bbox 2936 1226 3053 1285; x_wconf 90' lang='lat' dir='ltr'>mei</span> <span class='ocrx_word' id='word_1_191' title='bbox 3080 1226 3142 1284; x_wconf 90' lang='lat' dir='ltr'>in</span> <span class='ocrx_word' id='word_1_192' title='bbox 3170 1225 3341 1285; x_wconf 90' lang='lat' dir='ltr'>uobis</span> <span class='ocrx_word' id='word_1_193' title='bbox 3362 1257 3377 1273; x_wconf 92' lang='lat'><strong>·</strong></span> 
     </span>
    </p>

    <p class='ocr_par' dir='ltr' id='par_1_24' title="bbox 2937 1318 3460 1755">
     <span class='ocr_line' id='line_1_59' title="bbox 2939 1318 3460 1379; baseline 0 0"><span class='ocrx_word' id='word_1_194' title='bbox 2939 1318 3068 1379; x_wconf 93' lang='lat' dir='ltr'>Uos</span> <span class='ocrx_word' id='word_1_195' title='bbox 3096 1330 3292 1379; x_wconf 90' lang='lat' dir='ltr'>autem</span> <span class='ocrx_word' id='word_1_196' title='bbox 3320 1320 3460 1379; x_wconf 89' lang='lat' dir='ltr'>sede</span> 
     </span>
     <span class='ocr_line' id='line_1_60' title="bbox 2939 1414 3343 1474; baseline -0.002 0"><span class='ocrx_word' id='word_1_197' title='bbox 2939 1425 2996 1474; x_wconf 86' lang='lat' dir='ltr'>te</span> <span class='ocrx_word' id='word_1_198' title='bbox 3024 1415 3086 1472; x_wconf 92' lang='lat' dir='ltr'>in</span> <span class='ocrx_word' id='word_1_199' title='bbox 3114 1414 3343 1474; x_wconf 88' lang='lat' dir='ltr'>ciuitate</span> 
     </span>
     <span class='ocr_line' id='line_1_61' title="bbox 2937 1507 3285 1568; baseline 0.006 -2"><span class='ocrx_word' id='word_1_200' title='bbox 2937 1507 3285 1568; x_wconf 88' lang='lat' dir='ltr'>hierusalem</span> 
     </span>
     <span class='ocr_line' id='line_1_62' title="bbox 2937 1602 3408 1679; baseline 0.002 -19"><span class='ocrx_word' id='word_1_201' title='bbox 2937 1602 3315 1679; x_wconf 87' lang='lat' dir='ltr'>quoadusque</span> <span class='ocrx_word' id='word_1_202' title='bbox 3346 1603 3408 1662; x_wconf 92' lang='lat' dir='ltr'>in</span> 
     </span>
     <span class='ocr_line' id='line_1_63' title="bbox 2938 1696 3377 1755; baseline 0.002 -1"><span class='ocrx_word' id='word_1_203' title='bbox 2938 1696 3198 1754; x_wconf 88' lang='lat' dir='ltr'>duamini</span> <span class='ocrx_word' id='word_1_204' title='bbox 3225 1696 3377 1755; x_wconf 90' lang='lat' dir='ltr'>uirtu</span> 
     </span>
    </p>

    <p class='ocr_par' dir='ltr' id='par_1_25' title="bbox 2937 1789 3311 1849">
     <span class='ocr_line' id='line_1_64' title="bbox 2937 1789 3311 1849; baseline 0 -1"><span class='ocrx_word' id='word_1_205' title='bbox 2937 1799 3057 1849; x_wconf 88' lang='lat' dir='ltr'>tem</span> <span class='ocrx_word' id='word_1_206' title='bbox 3086 1791 3162 1848; x_wconf 92' lang='lat' dir='ltr'>ab</span> <span class='ocrx_word' id='word_1_207' title='bbox 3191 1789 3311 1849; x_wconf 89' lang='lat' dir='ltr'>alto</span> 
     </span>
    </p>

    <p class='ocr_par' dir='ltr' id='par_1_26' title="bbox 2935 1881 3498 2225">
     <span class='ocr_line' id='line_1_65' title="bbox 2937 1881 3440 1944; baseline 0.01 -5"><span class='ocrx_word' id='word_1_208' title='bbox 2937 1881 2984 1915; x_wconf 79' lang='lat'>⁶⁰</span> <span class='ocrx_word' id='word_1_209' title='bbox 2999 1882 3216 1943; x_wconf 84' lang='lat' dir='ltr'>Eduxit</span> <span class='ocrx_word' id='word_1_210' title='bbox 3243 1893 3440 1944; x_wconf 87' lang='lat' dir='ltr'>autem</span> 
     </span>
     <span class='ocr_line' id='line_1_66' title="bbox 2936 1976 3397 2038; baseline 0.004 -2"><span class='ocrx_word' id='word_1_211' title='bbox 2936 1994 3041 2036; x_wconf 87' lang='lat' dir='ltr'>eos</span> <span class='ocrx_word' id='word_1_212' title='bbox 3069 1976 3208 2036; x_wconf 87' lang='lat' dir='ltr'>foris</span> <span class='ocrx_word' id='word_1_213' title='bbox 3234 1978 3295 2035; x_wconf 93' lang='lat' dir='ltr'>in</span> <span class='ocrx_word' id='word_1_214' title='bbox 3323 1980 3397 2038; x_wconf 87' lang='lat' dir='ltr'>be</span> 
     </span>
     <span class='ocr_line' id='line_1_67' title="bbox 2937 2070 3498 2132; baseline 0 -1"><span class='ocrx_word' id='word_1_215' title='bbox 2937 2070 3196 2131; x_wconf 88' lang='lat' dir='ltr'>thaniam</span> <span class='ocrx_word' id='word_1_216' title='bbox 3228 2103 3241 2118; x_wconf 93' lang='lat'><strong>·</strong></span> <span class='ocrx_word' id='word_1_217' title='bbox 3306 2070 3383 2130; x_wconf 90' lang='lat' dir='ltr'>Et</span> <span class='ocrx_word' id='word_1_218' title='bbox 3410 2071 3498 2132; x_wconf 86' lang='lat' dir='ltr'>ele</span> 
     </span>
     <span class='ocr_line' id='line_1_68' title="bbox 2935 2166 3379 2225; baseline 0.002 -2"><span class='ocrx_word' id='word_1_219' title='bbox 2935 2166 3083 2224; x_wconf 89' lang='lat' dir='ltr'>uatis</span> <span class='ocrx_word' id='word_1_220' title='bbox 3111 2167 3379 2225; x_wconf 87' lang='lat' dir='ltr'>manibus</span> 
     </span>
    </p>

    <p class='ocr_par' dir='ltr' id='par_1_27' title="bbox 2937 2259 3379 2319">
     <span class='ocr_line' id='line_1_69' title="bbox 2937 2259 3379 2319; baseline 0.002 -2"><span class='ocrx_word' id='word_1_221' title='bbox 2937 2259 3055 2318; x_wconf 93' lang='lat' dir='ltr'>suis</span> <span class='ocrx_word' id='word_1_222' title='bbox 3084 2259 3379 2319; x_wconf 80' lang='lat' dir='ltr'>benedixit</span> 
     </span>
    </p>

    <p class='ocr_par' dir='ltr' id='par_1_28' title="bbox 2938 2353 3567 2416">
     <span class='ocr_line' id='line_1_70' title="bbox 2938 2353 3567 2416; baseline 0.003 -3"><span class='ocrx_word' id='word_1_223' title='bbox 2938 2371 3042 2414; x_wconf 88' lang='lat' dir='ltr'>eos</span> <span class='ocrx_word' id='word_1_224' title='bbox 3064 2386 3078 2399; x_wconf 90' lang='lat'><strong>·</strong></span> <span class='ocrx_word' id='word_1_225' title='bbox 3122 2353 3165 2387; x_wconf 79' lang='lat'>⁸¹</span> <span class='ocrx_word' id='word_1_226' title='bbox 3182 2354 3261 2412; x_wconf 89' lang='lat' dir='ltr'>Et</span> <span class='ocrx_word' id='word_1_227' title='bbox 3288 2354 3445 2414; x_wconf 73' lang='lat' dir='ltr'>factu</span> <span class='ocrx_word' id='word_1_228' title='bbox 3478 2365 3567 2416; x_wconf 88' lang='lat' dir='ltr'>est</span> 
     </span>
    </p>
   </div>
   <div class='ocr_carea' id='block_1_13' title="bbox 2934 2826 3560 4018">
    <p class='ocr_par' dir='ltr' id='par_1_29' title="bbox 2937 2826 3396 2889">
     <span class='ocr_line' id='line_1_71' title="bbox 2937 2826 3396 2889; baseline 0.004 -2"><span class='ocrx_word' id='word_1_229' title='bbox 2937 2826 3080 2888; x_wconf 94' lang='lat' dir='ltr'>dum</span> <span class='ocrx_word' id='word_1_230' title='bbox 3107 2829 3396 2889; x_wconf 86' lang='lat' dir='ltr'>benedicit</span> 
     </span>
    </p>

    <p class='ocr_par' dir='ltr' id='par_1_30' title="bbox 2935 2923 3329 2984">
     <span class='ocr_line' id='line_1_72' title="bbox 2935 2923 3329 2984; baseline 0.003 -3"><span class='ocrx_word' id='word_1_231' title='bbox 2935 2923 3065 2983; x_wconf 92' lang='lat' dir='ltr'>illos</span> <span class='ocrx_word' id='word_1_232' title='bbox 3094 2925 3329 2984; x_wconf 87' lang='lat' dir='ltr'>recessit</span> 
     </span>
    </p>

    <p class='ocr_par' dir='ltr' id='par_1_31' title="bbox 2938 3017 3544 3172">
     <span class='ocr_line' id='line_1_73' title="bbox 2938 3017 3544 3079; baseline 0.007 -4"><span class='ocrx_word' id='word_1_233' title='bbox 2938 3017 3014 3075; x_wconf 87' lang='lat' dir='ltr'>ab</span> <span class='ocrx_word' id='word_1_234' title='bbox 3045 3019 3129 3076; x_wconf 91' lang='lat' dir='ltr'>eis</span> <span class='ocrx_word' id='word_1_235' title='bbox 3157 3043 3169 3057; x_wconf 95' lang='lat'><strong>·</strong></span> <span class='ocrx_word' id='word_1_236' title='bbox 3231 3018 3308 3078; x_wconf 89' lang='lat' dir='ltr'>Et</span> <span class='ocrx_word' id='word_1_237' title='bbox 3339 3018 3544 3079; x_wconf 86' lang='lat' dir='ltr'>aeleua</span> 
     </span>
     <span class='ocr_line' id='line_1_74' title="bbox 2940 3112 3416 3172; baseline 0.002 -1"><span class='ocrx_word' id='word_1_238' title='bbox 2940 3113 3109 3171; x_wconf 86' lang='lat' dir='ltr'>batur</span> <span class='ocrx_word' id='word_1_239' title='bbox 3136 3112 3196 3170; x_wconf 93' lang='lat' dir='ltr'>in</span> <span class='ocrx_word' id='word_1_240' title='bbox 3224 3113 3416 3172; x_wconf 89' lang='lat' dir='ltr'>celum</span> 
     </span>
    </p>

    <p class='ocr_par' dir='ltr' id='par_1_32' title="bbox 2937 3203 3557 3378">
     <span class='ocr_line' id='line_1_75' title="bbox 2939 3203 3557 3282; baseline 0.008 -18"><span class='ocrx_word' id='word_1_241' title='bbox 2939 3203 2984 3238; x_wconf 80' lang='lat'>⁶²</span> <span class='ocrx_word' id='word_1_242' title='bbox 2999 3205 3077 3265; x_wconf 89' lang='lat' dir='ltr'>Et</span> <span class='ocrx_word' id='word_1_243' title='bbox 3105 3207 3214 3282; x_wconf 91' lang='lat' dir='ltr'>ipsi</span> <span class='ocrx_word' id='word_1_244' title='bbox 3241 3208 3557 3269; x_wconf 87' lang='lat' dir='ltr'>adorantes</span> 
     </span>
     <span class='ocr_line' id='line_1_76' title="bbox 2937 3303 3347 3378; baseline 0 -19"><span class='ocrx_word' id='word_1_245' title='bbox 2937 3318 3073 3359; x_wconf 90' lang='lat' dir='ltr'>eum</span> <span class='ocrx_word' id='word_1_246' title='bbox 3102 3303 3347 3378; x_wconf 86' lang='lat' dir='ltr'>regressi</span> 
     </span>
    </p>

    <p class='ocr_par' dir='ltr' id='par_1_33' title="bbox 2937 3394 3420 3565">
     <span class='ocr_line' id='line_1_77' title="bbox 2938 3394 3420 3456; baseline 0.006 -3"><span class='ocrx_word' id='word_1_247' title='bbox 2938 3405 3074 3453; x_wconf 91' lang='lat' dir='ltr'>sunt</span> <span class='ocrx_word' id='word_1_248' title='bbox 3101 3396 3162 3453; x_wconf 92' lang='lat' dir='ltr'>in</span> <span class='ocrx_word' id='word_1_249' title='bbox 3191 3394 3420 3456; x_wconf 84' lang='lat' dir='ltr'>hierusa</span> 
     </span>
     <span class='ocr_line' id='line_1_78' title="bbox 2937 3487 3363 3565; baseline 0.005 -19"><span class='ocrx_word' id='word_1_250' title='bbox 2937 3487 3055 3546; x_wconf 92' lang='lat' dir='ltr'>lem</span> <span class='ocrx_word' id='word_1_251' title='bbox 3083 3506 3218 3547; x_wconf 92' lang='lat' dir='ltr'>cum</span> <span class='ocrx_word' id='word_1_252' title='bbox 3247 3507 3363 3565; x_wconf 85' lang='lat' dir='ltr'>gau</span> 
     </span>
    </p>

    <p class='ocr_par' dir='ltr' id='par_1_34' title="bbox 2936 3581 3492 3754">
     <span class='ocr_line' id='line_1_79' title="bbox 2938 3581 3492 3658; baseline 0.011 -19"><span class='ocrx_word' id='word_1_253' title='bbox 2938 3581 3037 3640; x_wconf 89' lang='lat' dir='ltr'>dio</span> <span class='ocrx_word' id='word_1_254' title='bbox 3065 3600 3285 3658; x_wconf 86' lang='lat' dir='ltr'>magno</span> <span class='ocrx_word' id='word_1_255' title='bbox 3310 3615 3325 3630; x_wconf 93' lang='lat'><strong>·</strong></span> <span class='ocrx_word' id='word_1_256' title='bbox 3369 3582 3414 3617; x_wconf 81' lang='lat'>⁸⁸</span> <span class='ocrx_word' id='word_1_257' title='bbox 3435 3595 3492 3645; x_wconf 86' lang='lat' dir='ltr'>et</span> 
     </span>
     <span class='ocr_line' id='line_1_80' title="bbox 2936 3684 3360 3754; baseline 0.002 -20"><span class='ocrx_word' id='word_1_258' title='bbox 2936 3684 3101 3734; x_wconf 87' lang='lat' dir='ltr'>erant</span> <span class='ocrx_word' id='word_1_259' title='bbox 3128 3694 3360 3754; x_wconf 90' lang='lat' dir='ltr'>semper</span> 
     </span>
    </p>

    <p class='ocr_par' dir='ltr' id='par_1_35' title="bbox 2934 3768 3560 4018">
     <span class='ocr_line' id='line_1_81' title="bbox 2934 3768 3368 3847; baseline 0.012 -21"><span class='ocrx_word' id='word_1_260' title='bbox 2934 3768 2994 3826; x_wconf 90' lang='lat' dir='ltr'>in</span> <span class='ocrx_word' id='word_1_261' title='bbox 3024 3770 3244 3847; x_wconf 93' lang='lat' dir='ltr'>templo</span> <span class='ocrx_word' id='word_1_262' title='bbox 3272 3771 3368 3831; x_wconf 90' lang='lat' dir='ltr'>lau</span> 
     </span>
     <span class='ocr_line' id='line_1_82' title="bbox 2938 3861 3394 3925; baseline 0.011 -5"><span class='ocrx_word' id='word_1_263' title='bbox 2938 3861 3142 3923; x_wconf 91' lang='lat' dir='ltr'>dantes</span> <span class='ocrx_word' id='word_1_264' title='bbox 3163 3874 3221 3923; x_wconf 85' lang='lat' dir='ltr'>et</span> <span class='ocrx_word' id='word_1_265' title='bbox 3242 3866 3394 3925; x_wconf 86' lang='lat' dir='ltr'>bene</span> 
     </span>
     <span class='ocr_line' id='line_1_83' title="bbox 2939 3955 3560 4018; baseline 0 -4"><span class='ocrx_word' id='word_1_266' title='bbox 2939 3955 3198 4017; x_wconf 87' lang='lat' dir='ltr'>dicentes</span> <span class='ocrx_word' id='word_1_267' title='bbox 3226 3959 3369 4018; x_wconf 76' lang='lat' dir='ltr'>diim</span> <span class='ocrx_word' id='word_1_268' title='bbox 3399 3991 3414 4006; x_wconf 92' lang='lat'><strong>·</strong></span> <span class='ocrx_word' id='word_1_269' title='bbox 3440 3992 3454 4008; x_wconf 88' lang='lat'><strong>·</strong></span> <span class='ocrx_word' id='word_1_270' title='bbox 3478 3987 3560 4014; x_wconf 58' lang='lat' dir='ltr'>o·</span> 
     </span>
    </p>
   </div>
   <div class='ocr_carea' id='block_1_14' title="bbox 3007 4114 3580 4277">
    <p class='ocr_par' dir='ltr' id='par_1_36' title="bbox 3007 4114 3580 4277">
     <span class='ocr_line' id='line_1_84' title="bbox 3007 4114 3575 4145; baseline 0.011 -6"><span class='ocrx_word' id='word_1_271' title='bbox 3007 4114 3575 4145; x_wconf 45' lang='lat' dir='ltr'>mmmm</span> 
     </span>
     <span class='ocr_line' id='line_1_85' title="bbox 3007 4247 3580 4277; baseline 0.012 -4"><span class='ocrx_word' id='word_1_272' title='bbox 3007 4247 3580 4277; x_wconf 44' lang='lat' dir='ltr'>§0⁵OEOEOE</span> 
     </span>
    </p>
   </div>
   <div class='ocr_carea' id='block_1_15' title="bbox 3006 4380 3579 4409">
    <p class='ocr_par' dir='ltr' id='par_1_37' title="bbox 3006 4380 3579 4409">
     <span class='ocr_line' id='line_1_86' title="bbox 3006 4380 3579 4409; baseline 0.009 -4"><span class='ocrx_word' id='word_1_273' title='bbox 3006 4380 3579 4409; x_wconf 45' lang='lat' dir='ltr'>mmmm</span> 
     </span>
    </p>
   </div>
   <div class='ocr_carea' id='block_1_16' title="bbox 3669 494 3893 543">
    <p class='ocr_par' dir='ltr' id='par_1_38' title="bbox 3669 494 3893 543">
     <span class='ocr_line' id='line_1_87' title="bbox 3669 494 3893 543; baseline 0.009 -2"><span class='ocrx_word' id='word_1_274' title='bbox 3669 494 3793 542; x_wconf 71' lang='lat'><strong>1¹01.</strong></span> <span class='ocrx_word' id='word_1_275' title='bbox 3815 495 3893 543; x_wconf 84' lang='lat' dir='ltr'>u.</span> 
     </span>
    </p>
   </div>
  </div>
 </body>
</html>
