4414 4917
1245 348 1488 410 RELA
1505 347 1731 409 TION
1777 347 1898 408 OF
1920 368 1965 429 q
2004 346 2116 407 To
2167 345 2483 406 OTHER
2535 345 2860 405 OLD-LA
2879 346 3051 407 TIN
3095 345 3415 410 TEXTS.
3584 346 3701 410 xlv

995 517 1228 579 Selected
1238 520 1499 597 readings
1524 520 1646 578 and
1666 520 1990 595 renderz'ngs
2012 521 2073 577 in
2101 516 2287 577 which
2393 515 2635 576 Selecled
2647 518 2913 596 readings
2941 519 3065 576 and
3076 519 3408 595 renderings
3436 520 3497 576 in
3516 518 3704 578 which

1234 618 1263 676 f
1276 638 1317 696 q
1342 620 1509 697 dffr
1517 618 1690 697 from
1719 619 1851 677 each
1876 619 2042 677 other.

998 714 1167 776 Mark
1195 717 1229 775 i.

1081 833 1130 872 2.
1168 814 1322 874 uiam
1348 824 1509 874 tuam
1538 835 1575 873 a
1602 814 1635 874 b
1664 816 1762 890 dq
1789 814 1923 873 Am.

1312 913 1472 972 uiam
1500 922 1660 972 tuam
1689 924 1825 974 ante
1853 924 1910 974 te
1920 914 1991 994 j:

1078 1029 1129 1085 3.
1170 1012 1403 1071 semitas
1431 1011 1557 1070 eius
1585 1031 1621 1086 q
1647 1012 1783 1071 Am.

1314 1109 1549 1169 semitas
1578 1109 1672 1170 dei
1699 1111 1883 1171 nostri
1909 1130 1948 1169 a
1976 1109 2009 1169 b
2035 1111 2146 1188 df.

1082 1222 1130 1282 5.
1171 1206 1637 1284 hierosolymitae
1665 1208 1922 1268 uniuersi
1943 1208 1976 1268 b
1996 1210 2042 1267 d
2059 1230 2095 1285 q
2117 1208 2251 1267 Am.

1314 1306 1495 1366 hiero.
1524 1324 1734 1366 omnes
1760 1326 1818 1366 a.

1314 1403 1780 1480 hierosolymitae
1789 1405 1860 1485 s.

1175 1502 1413 1562 iordane
1440 1522 1477 1560 a
1507 1502 1540 1562 b
1568 1503 1612 1559 d
1631 1524 1683 1579 q.

1313 1601 1553 1661 iordane
1581 1601 1821 1662 flumine
1831 1603 1899 1682 s
1908 1600 2041 1660 Am.

1080 1701 1132 1757 6.
1172 1699 1322 1777 pilos
1351 1701 1383 1758 b
1411 1700 1458 1757 d
1475 1719 1526 1774 q.

1316 1818 1391 1858 ex
1420 1798 1551 1875 pilis
1555 1798 1628 1875 s,
1657 1798 1787 1876 pilis
1814 1797 1946 1858 Am.

1316 1897 1528 1973 pellem
1556 1916 1610 1955 a.

1080 1997 1133 2067 6,
1166 2010 1215 2071 7.
1256 1994 1350 2055 hic
1393 1995 1733 2071 predicabat
1772 1995 1973 2055 dicens
2011 1994 2293 2072 quoniam

1396 2093 1430 2153 b
1458 2113 1508 2170 q.

1314 2202 1372 2251 et
1439 2191 1818 2269 praedicabat
1896 2191 2097 2251 dicens
2165 2190 2293 2272 (om.
2337 2242 2344 2251 ,

1395 2291 1700 2366 quoniam)
1713 2290 1781 2367 f
1792 2289 1926 2348 Am.

1314 2398 1372 2447 et
1399 2388 1630 2448 dicebat
1656 2387 1766 2447 illis
1793 2408 1831 2448 a
1859 2389 1911 2446 d.

1036 2506 1132 2563 34.
1173 2486 1393 2547 curauit
1420 2488 1466 2545 d
1484 2507 1512 2545 e
1536 2506 1572 2564 q
1600 2487 1734 2546 Am.

1318 2585 1547 2646 sanauit
1572 2585 1605 2645 b
1609 2585 1680 2662 f

1034 2697 1130 2759 35.
1172 2683 1423 2744 diluculo
1454 2701 1701 2760 surgens
1730 2683 1870 2743 abiit
1897 2683 1930 2743 b
1958 2684 2004 2741 d
2021 2702 2057 2760 q
2077 2681 2272 2764 (exs.).

1312 2781 1566 2843 diluculo
1599 2781 1773 2842 ualde
1809 2799 2055 2859 surgens
2094 2800 2292 2859 egres-

1396 2899 1499 2942 sus
1526 2881 1664 2942 abiit
1671 2882 1740 2958 f
1752 2881 1888 2941 Am.

1313 2980 1504 3058 prima
1530 2978 1662 3039 luce
1691 2979 1831 3039 exiit
1858 2987 1916 3039 et
1944 2980 2082 3040 abiit
2107 3000 2162 3039 a.

1313 3086 1448 3138 ante
1477 3076 1671 3137 lucem
1699 3094 1947 3154 surgens
1976 3079 2115 3138 abiit
2139 3098 2183 3138 e.

1032 3297 1132 3370 38.
1173 3294 1247 3353 ad
1266 3294 1685 3373 predicandum
1706 3313 1742 3371 9
1765 3290 1910 3376 (also
1912 3294 2121 3375 found
2130 3297 2193 3356 in
2214 3295 2294 3377 r).

1312 3403 1377 3452 ut
1404 3403 1461 3452 et
1488 3393 1568 3452 ibi
1595 3392 1929 3469 praedicem
1954 3414 1993 3453 a
2021 3396 2067 3453 d
2062 3395 2131 3471 f
2138 3396 2274 3455 Am.

1312 3490 1644 3568 praedicare
1672 3490 1705 3550 b
1733 3511 1774 3550 e.

1030 3608 1133 3665 39.
1177 3589 1237 3647 in
1264 3590 1580 3667 synagogis
1614 3589 1857 3666 galileae
1885 3590 1919 3650 b
1946 3611 1999 3666 9.

1313 3688 1371 3747 in
1400 3705 1526 3765 syn.
1554 3706 1757 3748 eorum
1786 3689 1847 3747 in
1877 3707 2116 3749 omnem
2146 3691 2292 3767 gali-

1394 3786 1583 3845 laeam
1611 3805 1649 3845 a
1676 3787 1722 3844 d
1741 3783 1996 3866 (totam),
2018 3785 2147 3866 (per
2167 3807 2294 3849 om-

1392 3881 1630 3963 nenos·

1316 3981 1377 4039 in
1414 3981 1690 4040 omnibus
1729 4001 1853 4060 syn.
1892 3983 1951 4042 in
1989 3992 2111 4043 tota
2148 3985 2293 4062 gali-

1399 4079 1530 4138 laea
1553 4099 1596 4139 e.

1180 4175 1239 4234 in
1266 4194 1387 4254 syn.
1408 4195 1612 4238 eorum
1633 4187 1691 4238 et
1711 4179 1874 4239 omni
1900 4179 2144 4258 galilaea
2159 4181 2296 4244 Am.

2637 615 2667 674 f
2686 635 2727 693 q
2742 636 2844 674 are
2861 618 3071 693 agreed
3090 619 3324 694 against
3341 615 3495 677 other
3509 616 3703 676 Euro·

2629 724 2775 791 pean
2801 721 2968 776 texts.

2480 2004 2534 2059 6.
2592 2011 2646 2069 4-
2659 2011 2717 2060 et
2735 2020 2886 2063 zona
2902 2001 3128 2079 pellicia
3150 2001 3305 2062 circa
3321 2000 3555 2062 lumbos
3574 2002 3700 2062 eius

2778 2101 3058 2179 squ.

2721 2200 3028 2260 om.abd.

2441 2690 2534 2746 34.
2577 2671 2802 2731 sinebat
2828 2672 2872 2729 d
2890 2672 3037 2749 esq
3064 2672 3198 2732 Am.

2717 2770 3037 2846 patiebatur
3064 2791 3101 2829 a
3128 2771 3179 2831 b.

2440 3176 2534 3240 37.
2578 3180 2715 3224 cum
2762 3162 3119 3222 inuenissent
3167 3180 3303 3223 eum
3352 3163 3552 3225 dicunt
3604 3165 3698 3244 (or

2806 3258 3098 3339 dixerunt)
3136 3262 3191 3321 ei
3224 3262 3317 3341 (or
3349 3259 3451 3344 illi)
3485 3283 3523 3323 a
3551 3264 3597 3321 d
3617 3259 3695 3344 (e)

2777 3362 2893 3441 sq
2920 3360 3054 3420 Am.

2722 3458 2982 3518 dicentes
3009 3457 3086 3517 illi
3114 3458 3166 3518 b.
