<?xml version="1.0" encoding="UTF-8"?>
<!DOCTYPE html PUBLIC "-//W3C//DTD XHTML 1.0 Transitional//EN"
    "http://www.w3.org/TR/xhtml1/DTD/xhtml1-transitional.dtd">
<html xmlns="http://www.w3.org/1999/xhtml" xml:lang="en" lang="en">
 <head>
  <title>
</title>
<meta http-equiv="Content-Type" content="text/html;charset=utf-8" />
  <meta name='ocr-system' content='tesseract 3.04.00' />
  <meta name='ocr-capabilities' content='ocr_page ocr_carea ocr_par ocr_line ocrx_word'/>
</head>
<body>
  <div class='ocr_page' id='page_1' title='image "./oldlatinbiblica00wordgoog_0140.png"; bbox 0 0 4414 4917; ppageno 0'>
   <div class='ocr_carea' id='block_1_1' title="bbox 508 498 749 549">
    <p class='ocr_par' dir='ltr' id='par_1_1' title="bbox 508 498 749 549">
     <span class='ocr_line' id='line_1_1' title="bbox 508 498 749 549; baseline -0.008 -1"><span class='ocrx_word' id='word_1_1' title='bbox 508 498 635 549; x_wconf 77' lang='lat'><strong>1⁸01.</strong></span> <span class='ocrx_word' id='word_1_2' title='bbox 656 499 749 549; x_wconf 75' lang='lat'>0⁷.</span> 
     </span>
    </p>
   </div>
   <div class='ocr_carea' id='block_1_2' title="bbox 791 320 876 385">
    <p class='ocr_par' dir='ltr' id='par_1_2' title="bbox 791 320 876 385">
     <span class='ocr_line' id='line_1_2' title="bbox 791 320 876 385; baseline 0.012 -1"><span class='ocrx_word' id='word_1_3' title='bbox 791 320 876 385; x_wconf 90' lang='lat'>80</span> 
     </span>
    </p>
   </div>
   <div class='ocr_carea' id='block_1_3' title="bbox 787 494 1488 2536">
    <p class='ocr_par' dir='ltr' id='par_1_3' title="bbox 794 494 1379 571">
     <span class='ocr_line' id='line_1_3' title="bbox 794 494 1379 571; baseline -0.002 -17"><span class='ocrx_word' id='word_1_4' title='bbox 794 494 978 554; x_wconf 91' lang='lat' dir='ltr'>homo</span> <span class='ocrx_word' id='word_1_5' title='bbox 1004 502 1282 571; x_wconf 90' lang='lat' dir='ltr'>peccator</span> <span class='ocrx_word' id='word_1_6' title='bbox 1309 498 1379 553; x_wconf 75' lang='grc' dir='ltr'>εὖ</span> 
     </span>
    </p>

    <p class='ocr_par' dir='ltr' id='par_1_4' title="bbox 787 588 1409 1136">
     <span class='ocr_line' id='line_1_4' title="bbox 791 588 1330 649; baseline -0.009 1"><span class='ocrx_word' id='word_1_7' title='bbox 791 590 814 622; x_wconf 80' lang='lat'>⁹</span> <span class='ocrx_word' id='word_1_8' title='bbox 832 588 1141 649; x_wconf 89' lang='lat' dir='ltr'>admiratio</span> <span class='ocrx_word' id='word_1_9' title='bbox 1170 588 1330 647; x_wconf 90' lang='lat' dir='ltr'>enim</span> 
     </span>
     <span class='ocr_line' id='line_1_5' title="bbox 790 682 1364 743; baseline 0 -1"><span class='ocrx_word' id='word_1_10' title='bbox 790 682 1043 743; x_wconf 88' lang='lat' dir='ltr'>habebat</span> <span class='ocrx_word' id='word_1_11' title='bbox 1071 683 1233 741; x_wconf 92' lang='lat' dir='ltr'>illum</span> <span class='ocrx_word' id='word_1_12' title='bbox 1304 692 1364 742; x_wconf 91' lang='lat' dir='ltr'>et</span> 
     </span>
     <span class='ocr_line' id='line_1_6' title="bbox 790 776 1409 854; baseline 0 -18"><span class='ocrx_word' id='word_1_13' title='bbox 790 795 999 836; x_wconf 90' lang='lat' dir='ltr'>omnes</span> <span class='ocrx_word' id='word_1_14' title='bbox 1020 777 1118 854; x_wconf 91' lang='lat' dir='ltr'>qui</span> <span class='ocrx_word' id='word_1_15' title='bbox 1147 795 1282 835; x_wconf 90' lang='lat' dir='ltr'>cum</span> <span class='ocrx_word' id='word_1_16' title='bbox 1311 776 1409 836; x_wconf 94' lang='lat' dir='ltr'>illo</span> 
     </span>
     <span class='ocr_line' id='line_1_7' title="bbox 791 873 1314 947; baseline -0.002 -16"><span class='ocrx_word' id='word_1_17' title='bbox 791 882 957 931; x_wconf 89' lang='lat' dir='ltr'>erant</span> <span class='ocrx_word' id='word_1_18' title='bbox 984 873 1045 929; x_wconf 89' lang='lat' dir='ltr'>in</span> <span class='ocrx_word' id='word_1_19' title='bbox 1074 880 1314 947; x_wconf 87' lang='lat' dir='ltr'>captura</span> 
     </span>
     <span class='ocr_line' id='line_1_8' title="bbox 787 966 1351 1043; baseline 0.002 -19"><span class='ocrx_word' id='word_1_20' title='bbox 787 966 1037 1043; x_wconf 85' lang='lat' dir='ltr'>piscium</span> <span class='ocrx_word' id='word_1_21' title='bbox 1074 984 1250 1043; x_wconf 88' lang='lat' dir='ltr'>quam</span> <span class='ocrx_word' id='word_1_22' title='bbox 1281 984 1351 1026; x_wconf 90' lang='lat' dir='ltr'>ce</span> 
     </span>
     <span class='ocr_line' id='line_1_9' title="bbox 789 1059 1312 1136; baseline -0.002 -18"><span class='ocrx_word' id='word_1_23' title='bbox 789 1069 997 1136; x_wconf 90' lang='lat' dir='ltr'>perant</span> <span class='ocrx_word' id='word_1_24' title='bbox 1017 1091 1031 1106; x_wconf 93' lang='lat'><strong>·</strong></span> <span class='ocrx_word' id='word_1_25' title='bbox 1074 1059 1120 1093; x_wconf 86' lang='lat'>¹⁰</span> <span class='ocrx_word' id='word_1_26' title='bbox 1141 1060 1312 1119; x_wconf 87' lang='lat' dir='ltr'>simili</span> 
     </span>
    </p>

    <p class='ocr_par' dir='ltr' id='par_1_5' title="bbox 789 1156 1433 1496">
     <span class='ocr_line' id='line_1_10' title="bbox 789 1156 1371 1214; baseline 0.002 -2"><span class='ocrx_word' id='word_1_27' title='bbox 789 1164 875 1212; x_wconf 90' lang='lat' dir='ltr'>ter</span> <span class='ocrx_word' id='word_1_28' title='bbox 902 1165 1099 1213; x_wconf 90' lang='lat' dir='ltr'>autem</span> <span class='ocrx_word' id='word_1_29' title='bbox 1125 1156 1371 1214; x_wconf 85' lang='lat' dir='ltr'>iacobus</span> 
     </span>
     <span class='ocr_line' id='line_1_11' title="bbox 789 1248 1267 1308; baseline -0.002 -1"><span class='ocrx_word' id='word_1_30' title='bbox 789 1257 846 1307; x_wconf 91' lang='lat' dir='ltr'>et</span> <span class='ocrx_word' id='word_1_31' title='bbox 874 1249 1161 1308; x_wconf 91' lang='lat' dir='ltr'>iohannes</span> <span class='ocrx_word' id='word_1_32' title='bbox 1190 1248 1267 1306; x_wconf 90' lang='lat' dir='ltr'>fili</span> 
     </span>
     <span class='ocr_line' id='line_1_12' title="bbox 791 1343 1433 1419; baseline 0 -18"><span class='ocrx_word' id='word_1_33' title='bbox 791 1343 1070 1401; x_wconf 90' lang='lat' dir='ltr'>zebedei·</span> <span class='ocrx_word' id='word_1_34' title='bbox 1135 1344 1237 1419; x_wconf 92' lang='lat' dir='ltr'>qui</span> <span class='ocrx_word' id='word_1_35' title='bbox 1265 1351 1433 1402; x_wconf 90' lang='lat' dir='ltr'>erant</span> 
     </span>
     <span class='ocr_line' id='line_1_13' title="bbox 791 1437 1246 1496; baseline 0 -1"><span class='ocrx_word' id='word_1_36' title='bbox 791 1437 936 1495; x_wconf 91' lang='lat' dir='ltr'>socii</span> <span class='ocrx_word' id='word_1_37' title='bbox 966 1438 1208 1496; x_wconf 86' lang='lat' dir='ltr'>simonis</span> <span class='ocrx_word' id='word_1_38' title='bbox 1231 1468 1246 1483; x_wconf 92' lang='lat'><strong>·</strong></span> 
     </span>
    </p>

    <p class='ocr_par' dir='ltr' id='par_1_6' title="bbox 790 1529 1424 1889">
     <span class='ocr_line' id='line_1_14' title="bbox 790 1529 1393 1591; baseline 0.003 -2"><span class='ocrx_word' id='word_1_39' title='bbox 790 1529 867 1589; x_wconf 91' lang='lat' dir='ltr'>Et</span> <span class='ocrx_word' id='word_1_40' title='bbox 895 1532 974 1589; x_wconf 92' lang='lat' dir='ltr'>ait</span> <span class='ocrx_word' id='word_1_41' title='bbox 1002 1531 1078 1590; x_wconf 88' lang='lat' dir='ltr'>ad</span> <span class='ocrx_word' id='word_1_42' title='bbox 1106 1532 1393 1591; x_wconf 88' lang='lat' dir='ltr'>simonem</span> 
     </span>
     <span class='ocr_line' id='line_1_15' title="bbox 791 1624 1327 1684; baseline 0.006 -3"><span class='ocrx_word' id='word_1_43' title='bbox 791 1624 881 1682; x_wconf 79' lang='lat' dir='ltr'>ihs</span> <span class='ocrx_word' id='word_1_44' title='bbox 938 1625 1062 1684; x_wconf 91' lang='lat' dir='ltr'>noli</span> <span class='ocrx_word' id='word_1_45' title='bbox 1084 1626 1287 1684; x_wconf 88' lang='lat' dir='ltr'>timere</span> <span class='ocrx_word' id='word_1_46' title='bbox 1312 1656 1327 1671; x_wconf 93' lang='lat'><strong>·</strong></span> 
     </span>
     <span class='ocr_line' id='line_1_16' title="bbox 791 1718 1424 1779; baseline 0.003 -2"><span class='ocrx_word' id='word_1_47' title='bbox 791 1718 885 1777; x_wconf 82' lang='lat' dir='ltr'>Ex</span> <span class='ocrx_word' id='word_1_48' title='bbox 914 1719 1028 1778; x_wconf 92' lang='lat' dir='ltr'>hoc</span> <span class='ocrx_word' id='word_1_49' title='bbox 1058 1721 1173 1778; x_wconf 89' lang='lat' dir='ltr'>iam</span> <span class='ocrx_word' id='word_1_50' title='bbox 1202 1720 1315 1778; x_wconf 88' lang='lat' dir='ltr'>eris</span> <span class='ocrx_word' id='word_1_51' title='bbox 1344 1718 1424 1779; x_wconf 91' lang='lat' dir='ltr'>ho</span> 
     </span>
     <span class='ocr_line' id='line_1_17' title="bbox 791 1814 1251 1889; baseline 0.002 -19"><span class='ocrx_word' id='word_1_52' title='bbox 791 1814 978 1871; x_wconf 90' lang='lat' dir='ltr'>mines</span> <span class='ocrx_word' id='word_1_53' title='bbox 1008 1824 1251 1889; x_wconf 88' lang='lat' dir='ltr'>captans</span> 
     </span>
    </p>

    <p class='ocr_par' dir='ltr' id='par_1_7' title="bbox 788 1905 1488 2536">
     <span class='ocr_line' id='line_1_18' title="bbox 788 1905 1467 1968; baseline 0.001 -3"><span class='ocrx_word' id='word_1_54' title='bbox 788 1905 830 1940; x_wconf 86' lang='lat'>¹¹</span> <span class='ocrx_word' id='word_1_55' title='bbox 850 1907 926 1966; x_wconf 88' lang='lat' dir='ltr'>Et</span> <span class='ocrx_word' id='word_1_56' title='bbox 954 1908 1248 1967; x_wconf 89' lang='lat' dir='ltr'>subductis</span> <span class='ocrx_word' id='word_1_57' title='bbox 1276 1909 1351 1968; x_wconf 90' lang='lat' dir='ltr'>ad</span> <span class='ocrx_word' id='word_1_58' title='bbox 1380 1917 1467 1967; x_wconf 89' lang='lat' dir='ltr'>ter</span> 
     </span>
     <span class='ocr_line' id='line_1_19' title="bbox 789 2003 1263 2062; baseline 0.004 -1"><span class='ocrx_word' id='word_1_59' title='bbox 789 2020 915 2061; x_wconf 89' lang='lat' dir='ltr'>ram</span> <span class='ocrx_word' id='word_1_60' title='bbox 945 2003 1229 2062; x_wconf 88' lang='lat' dir='ltr'>nauiculis</span> <span class='ocrx_word' id='word_1_61' title='bbox 1249 2034 1263 2049; x_wconf 93' lang='lat'><strong>·</strong></span> 
     </span>
     <span class='ocr_line' id='line_1_20' title="bbox 789 2097 1308 2156; baseline 0 -1"><span class='ocrx_word' id='word_1_62' title='bbox 789 2097 1001 2155; x_wconf 90' lang='lat' dir='ltr'>relictis</span> <span class='ocrx_word' id='word_1_63' title='bbox 1030 2097 1308 2156; x_wconf 88' lang='lat' dir='ltr'>omnibus</span> 
     </span>
     <span class='ocr_line' id='line_1_21' title="bbox 791 2192 1383 2251; baseline -0.005 -1"><span class='ocrx_word' id='word_1_64' title='bbox 791 2192 971 2250; x_wconf 88' lang='lat' dir='ltr'>secuti</span> <span class='ocrx_word' id='word_1_65' title='bbox 1001 2202 1135 2251; x_wconf 91' lang='lat' dir='ltr'>sunt</span> <span class='ocrx_word' id='word_1_66' title='bbox 1162 2208 1299 2249; x_wconf 89' lang='lat' dir='ltr'>eum</span> <span class='ocrx_word' id='word_1_67' title='bbox 1329 2222 1343 2237; x_wconf 91' lang='lat'><strong>·</strong></span> <span class='ocrx_word' id='word_1_68' title='bbox 1370 2223 1383 2238; x_wconf 91' lang='lat'><strong>·</strong></span> 
     </span>
     <span class='ocr_line' id='line_1_22' title="bbox 790 2283 1488 2344; baseline 0 -2"><span class='ocrx_word' id='word_1_69' title='bbox 790 2283 837 2317; x_wconf 83' lang='lat'>¹²</span> <span class='ocrx_word' id='word_1_70' title='bbox 852 2284 928 2342; x_wconf 87' lang='lat' dir='ltr'>Et</span> <span class='ocrx_word' id='word_1_71' title='bbox 946 2285 1162 2344; x_wconf 91' lang='lat' dir='ltr'>factum</span> <span class='ocrx_word' id='word_1_72' title='bbox 1183 2292 1269 2343; x_wconf 90' lang='lat' dir='ltr'>est</span> <span class='ocrx_word' id='word_1_73' title='bbox 1289 2315 1303 2330; x_wconf 92' lang='lat'><strong>·</strong></span> <span class='ocrx_word' id='word_1_74' title='bbox 1353 2302 1488 2342; x_wconf 90' lang='lat' dir='ltr'>cum</span> 
     </span>
     <span class='ocr_line' id='line_1_23' title="bbox 789 2380 1367 2440; baseline -0.002 0"><span class='ocrx_word' id='word_1_75' title='bbox 789 2389 986 2440; x_wconf 84' lang='lat' dir='ltr'>essent</span> <span class='ocrx_word' id='word_1_76' title='bbox 1015 2380 1075 2437; x_wconf 93' lang='lat' dir='ltr'>in</span> <span class='ocrx_word' id='word_1_77' title='bbox 1103 2398 1222 2439; x_wconf 89' lang='lat' dir='ltr'>una</span> <span class='ocrx_word' id='word_1_78' title='bbox 1252 2382 1367 2440; x_wconf 91' lang='lat' dir='ltr'>ciui</span> 
     </span>
     <span class='ocr_line' id='line_1_24' title="bbox 790 2477 1411 2536; baseline 0 -2"><span class='ocrx_word' id='word_1_79' title='bbox 790 2484 970 2534; x_wconf 89' lang='lat' dir='ltr'>tatem</span> <span class='ocrx_word' id='word_1_80' title='bbox 990 2506 1004 2521; x_wconf 92' lang='lat'><strong>·</strong></span> <span class='ocrx_word' id='word_1_81' title='bbox 1069 2486 1125 2535; x_wconf 90' lang='lat' dir='ltr'>et</span> <span class='ocrx_word' id='word_1_82' title='bbox 1155 2495 1292 2536; x_wconf 90' lang='lat' dir='ltr'>ecce</span> <span class='ocrx_word' id='word_1_83' title='bbox 1322 2477 1411 2534; x_wconf 92' lang='lat' dir='ltr'>uir</span> 
     </span>
    </p>
   </div>
   <div class='ocr_carea' id='block_1_4' title="bbox 789 2605 1491 4641">
    <p class='ocr_par' dir='ltr' id='par_1_8' title="bbox 789 2605 1491 4641">
     <span class='ocr_line' id='line_1_25' title="bbox 790 2605 1341 2684; baseline 0.004 -19"><span class='ocrx_word' id='word_1_84' title='bbox 790 2606 1000 2683; x_wconf 89' lang='lat' dir='ltr'>plenus</span> <span class='ocrx_word' id='word_1_85' title='bbox 1027 2605 1189 2684; x_wconf 90' lang='lat' dir='ltr'>lepra</span> <span class='ocrx_word' id='word_1_86' title='bbox 1208 2639 1221 2654; x_wconf 93' lang='lat'><strong>·</strong></span> <span class='ocrx_word' id='word_1_87' title='bbox 1283 2619 1341 2667; x_wconf 90' lang='lat' dir='ltr'>et</span> 
     </span>
     <span class='ocr_line' id='line_1_26' title="bbox 790 2701 1393 2761; baseline 0.002 -2"><span class='ocrx_word' id='word_1_88' title='bbox 790 2701 998 2760; x_wconf 89' lang='lat' dir='ltr'>uidens</span> <span class='ocrx_word' id='word_1_89' title='bbox 1028 2701 1150 2759; x_wconf 83' lang='lat' dir='ltr'>ihm</span> <span class='ocrx_word' id='word_1_90' title='bbox 1180 2702 1393 2761; x_wconf 89' lang='lat' dir='ltr'>cecidit</span> 
     </span>
     <span class='ocr_line' id='line_1_27' title="bbox 792 2794 1394 2872; baseline 0.003 -20"><span class='ocrx_word' id='word_1_91' title='bbox 792 2795 852 2852; x_wconf 92' lang='lat' dir='ltr'>in</span> <span class='ocrx_word' id='word_1_92' title='bbox 884 2794 1092 2854; x_wconf 89' lang='lat' dir='ltr'>faciem</span> <span class='ocrx_word' id='word_1_93' title='bbox 1162 2806 1220 2854; x_wconf 90' lang='lat' dir='ltr'>et</span> <span class='ocrx_word' id='word_1_94' title='bbox 1248 2814 1394 2872; x_wconf 85' lang='lat' dir='ltr'>roga</span> 
     </span>
     <span class='ocr_line' id='line_1_28' title="bbox 792 2887 1285 2949; baseline 0.004 -2"><span class='ocrx_word' id='word_1_95' title='bbox 792 2887 893 2947; x_wconf 88' lang='lat' dir='ltr'>bat</span> <span class='ocrx_word' id='word_1_96' title='bbox 919 2907 1053 2946; x_wconf 89' lang='lat' dir='ltr'>eum</span> <span class='ocrx_word' id='word_1_97' title='bbox 1084 2889 1285 2949; x_wconf 88' lang='lat' dir='ltr'>dicens</span> 
     </span>
     <span class='ocr_line' id='line_1_29' title="bbox 793 2983 1450 3060; baseline 0.002 -19"><span class='ocrx_word' id='word_1_98' title='bbox 793 2983 909 3041; x_wconf 67' lang='lat' dir='ltr'>dne</span> <span class='ocrx_word' id='word_1_99' title='bbox 938 2984 983 3041; x_wconf 88' lang='lat' dir='ltr'>si</span> <span class='ocrx_word' id='word_1_100' title='bbox 1013 2983 1102 3040; x_wconf 87' lang='lat' dir='ltr'>uis</span> <span class='ocrx_word' id='word_1_101' title='bbox 1158 2994 1326 3060; x_wconf 85' lang='lat' dir='ltr'>potes</span> <span class='ocrx_word' id='word_1_102' title='bbox 1355 3001 1450 3043; x_wconf 88' lang='lat' dir='ltr'>me</span> 
     </span>
     <span class='ocr_line' id='line_1_30' title="bbox 792 3075 1491 3136; baseline 0.001 -2"><span class='ocrx_word' id='word_1_103' title='bbox 792 3075 1076 3134; x_wconf 86' lang='lat' dir='ltr'>mundare</span> <span class='ocrx_word' id='word_1_104' title='bbox 1099 3106 1113 3121; x_wconf 92' lang='lat'><strong>·</strong></span> <span class='ocrx_word' id='word_1_105' title='bbox 1158 3075 1199 3108; x_wconf 80' lang='lat'>¹⁸</span> <span class='ocrx_word' id='word_1_106' title='bbox 1217 3077 1294 3135; x_wconf 90' lang='lat' dir='ltr'>Et</span> <span class='ocrx_word' id='word_1_107' title='bbox 1319 3086 1491 3136; x_wconf 89' lang='lat' dir='ltr'>exten</span> 
     </span>
     <span class='ocr_line' id='line_1_31' title="bbox 791 3170 1328 3229; baseline 0 -1"><span class='ocrx_word' id='word_1_108' title='bbox 791 3170 940 3228; x_wconf 87' lang='lat' dir='ltr'>dens</span> <span class='ocrx_word' id='word_1_109' title='bbox 970 3188 1206 3228; x_wconf 88' lang='lat' dir='ltr'>manum</span> <span class='ocrx_word' id='word_1_110' title='bbox 1228 3172 1328 3229; x_wconf 87' lang='lat' dir='ltr'>teti</span> 
     </span>
     <span class='ocr_line' id='line_1_32' title="bbox 791 3263 1286 3339; baseline 0.006 -20"><span class='ocrx_word' id='word_1_111' title='bbox 791 3263 877 3339; x_wconf 84' lang='lat' dir='ltr'>git</span> <span class='ocrx_word' id='word_1_112' title='bbox 896 3263 1056 3320; x_wconf 91' lang='lat' dir='ltr'>illum</span> <span class='ocrx_word' id='word_1_113' title='bbox 1085 3264 1286 3323; x_wconf 89' lang='lat' dir='ltr'>dicens</span> 
     </span>
     <span class='ocr_line' id='line_1_33' title="bbox 789 3357 1285 3418; baseline 0.002 -2"><span class='ocrx_word' id='word_1_114' title='bbox 789 3357 930 3417; x_wconf 91' lang='lat' dir='ltr'>uolo</span> <span class='ocrx_word' id='word_1_115' title='bbox 957 3360 1240 3418; x_wconf 88' lang='lat' dir='ltr'>mundare</span> <span class='ocrx_word' id='word_1_116' title='bbox 1270 3389 1285 3405; x_wconf 90' lang='lat'><strong>·</strong></span> 
     </span>
     <span class='ocr_line' id='line_1_34' title="bbox 793 3451 1305 3530; baseline -0.002 -18"><span class='ocrx_word' id='word_1_117' title='bbox 793 3451 1117 3512; x_wconf 88' lang='lat' dir='ltr'>Confestim</span> <span class='ocrx_word' id='word_1_118' title='bbox 1145 3452 1305 3530; x_wconf 86' lang='lat' dir='ltr'>lepra</span> 
     </span>
     <span class='ocr_line' id='line_1_35' title="bbox 790 3547 1369 3606; baseline -0.002 0"><span class='ocrx_word' id='word_1_119' title='bbox 790 3547 917 3606; x_wconf 87' lang='lat' dir='ltr'>eius</span> <span class='ocrx_word' id='word_1_120' title='bbox 946 3547 1200 3606; x_wconf 79' lang='lat' dir='ltr'>di⁸cessit</span> <span class='ocrx_word' id='word_1_121' title='bbox 1228 3548 1303 3605; x_wconf 92' lang='lat' dir='ltr'>ab</span> <span class='ocrx_word' id='word_1_122' title='bbox 1332 3547 1369 3605; x_wconf 93' lang='lat' dir='ltr'>il</span> 
     </span>
     <span class='ocr_line' id='line_1_36' title="bbox 792 3641 1424 3719; baseline 0 -20"><span class='ocrx_word' id='word_1_123' title='bbox 792 3641 851 3699; x_wconf 92' lang='lat' dir='ltr'>lo</span> <span class='ocrx_word' id='word_1_124' title='bbox 873 3671 887 3686; x_wconf 89' lang='lat'><strong>·</strong></span> <span class='ocrx_word' id='word_1_125' title='bbox 931 3641 974 3674; x_wconf 87' lang='lat'>¹⁴</span> <span class='ocrx_word' id='word_1_126' title='bbox 994 3641 1070 3700; x_wconf 90' lang='lat' dir='ltr'>Et</span> <span class='ocrx_word' id='word_1_127' title='bbox 1097 3642 1220 3719; x_wconf 89' lang='lat' dir='ltr'>ipse</span> <span class='ocrx_word' id='word_1_128' title='bbox 1252 3659 1424 3717; x_wconf 89' lang='lat' dir='ltr'>prece</span> 
     </span>
     <span class='ocr_line' id='line_1_37' title="bbox 790 3735 1330 3811; baseline 0.002 -19"><span class='ocrx_word' id='word_1_129' title='bbox 790 3735 877 3811; x_wconf 92' lang='lat' dir='ltr'>pit</span> <span class='ocrx_word' id='word_1_130' title='bbox 904 3735 982 3794; x_wconf 93' lang='lat' dir='ltr'>illi</span> <span class='ocrx_word' id='word_1_131' title='bbox 1020 3745 1084 3794; x_wconf 91' lang='lat' dir='ltr'>ut</span> <span class='ocrx_word' id='word_1_132' title='bbox 1112 3735 1330 3793; x_wconf 89' lang='lat' dir='ltr'>nemini</span> 
     </span>
     <span class='ocr_line' id='line_1_38' title="bbox 793 3829 1344 3889; baseline 0.004 -2"><span class='ocrx_word' id='word_1_133' title='bbox 793 3829 1010 3888; x_wconf 88' lang='lat' dir='ltr'>diceret</span> <span class='ocrx_word' id='word_1_134' title='bbox 1033 3861 1046 3875; x_wconf 93' lang='lat'><strong>·</strong></span> <span class='ocrx_word' id='word_1_135' title='bbox 1121 3830 1236 3889; x_wconf 90' lang='lat' dir='ltr'>Sed</span> <span class='ocrx_word' id='word_1_136' title='bbox 1266 3848 1344 3889; x_wconf 90' lang='lat' dir='ltr'>ua</span> 
     </span>
     <span class='ocr_line' id='line_1_39' title="bbox 793 3924 1297 3984; baseline 0.002 -2"><span class='ocrx_word' id='word_1_137' title='bbox 793 3924 940 3984; x_wconf 90' lang='lat' dir='ltr'>dens</span> <span class='ocrx_word' id='word_1_138' title='bbox 969 3926 1210 3984; x_wconf 88' lang='lat' dir='ltr'>ostende</span> <span class='ocrx_word' id='word_1_139' title='bbox 1240 3934 1297 3983; x_wconf 89' lang='lat' dir='ltr'>te</span> 
     </span>
     <span class='ocr_line' id='line_1_40' title="bbox 793 4017 1351 4078; baseline -0.002 -1"><span class='ocrx_word' id='word_1_140' title='bbox 793 4019 1082 4077; x_wconf 91' lang='lat' dir='ltr'>sacerdoti</span> <span class='ocrx_word' id='word_1_141' title='bbox 1105 4050 1121 4066; x_wconf 89' lang='lat'><strong>·</strong></span> <span class='ocrx_word' id='word_1_142' title='bbox 1194 4030 1251 4078; x_wconf 90' lang='lat' dir='ltr'>et</span> <span class='ocrx_word' id='word_1_143' title='bbox 1281 4017 1351 4076; x_wconf 91' lang='lat' dir='ltr'>of</span> 
     </span>
     <span class='ocr_line' id='line_1_41' title="bbox 792 4110 1350 4187; baseline 0.004 -18"><span class='ocrx_word' id='word_1_144' title='bbox 792 4110 878 4170; x_wconf 87' lang='lat' dir='ltr'>fer</span> <span class='ocrx_word' id='word_1_145' title='bbox 907 4130 1014 4187; x_wconf 89' lang='lat' dir='ltr'>pro</span> <span class='ocrx_word' id='word_1_146' title='bbox 1045 4112 1350 4172; x_wconf 89' lang='lat' dir='ltr'>mundatio</span> 
     </span>
     <span class='ocr_line' id='line_1_42' title="bbox 792 4206 1331 4283; baseline 0.002 -20"><span class='ocrx_word' id='word_1_147' title='bbox 792 4224 867 4264; x_wconf 92' lang='lat' dir='ltr'>ne</span> <span class='ocrx_word' id='word_1_148' title='bbox 889 4214 987 4263; x_wconf 91' lang='lat' dir='ltr'>tua</span> <span class='ocrx_word' id='word_1_149' title='bbox 1017 4206 1162 4265; x_wconf 89' lang='lat' dir='ltr'>sicut</span> <span class='ocrx_word' id='word_1_150' title='bbox 1191 4224 1331 4283; x_wconf 89' lang='lat' dir='ltr'>prae</span> 
     </span>
     <span class='ocr_line' id='line_1_43' title="bbox 795 4299 1344 4375; baseline 0 -18"><span class='ocrx_word' id='word_1_151' title='bbox 795 4299 948 4375; x_wconf 87' lang='lat' dir='ltr'>cepit</span> <span class='ocrx_word' id='word_1_152' title='bbox 978 4317 1211 4374; x_wconf 91' lang='lat' dir='ltr'>moyses</span> <span class='ocrx_word' id='word_1_153' title='bbox 1278 4309 1344 4357; x_wconf 86' lang='lat' dir='ltr'>ut</span> 
     </span>
     <span class='ocr_line' id='line_1_44' title="bbox 793 4393 1366 4452; baseline 0.003 -2"><span class='ocrx_word' id='word_1_154' title='bbox 793 4393 867 4451; x_wconf 91' lang='lat' dir='ltr'>sit</span> <span class='ocrx_word' id='word_1_155' title='bbox 896 4393 956 4451; x_wconf 92' lang='lat' dir='ltr'>in</span> <span class='ocrx_word' id='word_1_156' title='bbox 979 4394 1366 4452; x_wconf 66' lang='lat' dir='ltr'>testimoniu-</span> 
     </span>
     <span class='ocr_line' id='line_1_45' title="bbox 792 4485 1397 4546; baseline -0.002 -1"><span class='ocrx_word' id='word_1_157' title='bbox 792 4485 909 4546; x_wconf 92' lang='lat' dir='ltr'>hoc</span> <span class='ocrx_word' id='word_1_158' title='bbox 933 4487 1104 4545; x_wconf 85' lang='lat' dir='ltr'>uobis</span> <span class='ocrx_word' id='word_1_159' title='bbox 1127 4518 1140 4532; x_wconf 94' lang='lat'><strong>·</strong></span> <span class='ocrx_word' id='word_1_160' title='bbox 1166 4518 1181 4533; x_wconf 92' lang='lat'><strong>·</strong></span> <span class='ocrx_word' id='word_1_161' title='bbox 1225 4486 1268 4519; x_wconf 77' lang='lat'>¹⁶</span> <span class='ocrx_word' id='word_1_162' title='bbox 1289 4486 1397 4546; x_wconf 90' lang='lat' dir='ltr'>Per</span> 
     </span>
     <span class='ocr_line' id='line_1_46' title="bbox 793 4580 1353 4641; baseline -0.004 0"><span class='ocrx_word' id='word_1_163' title='bbox 793 4580 1129 4641; x_wconf 83' lang='lat' dir='ltr'><strong>ambulabat</strong></span> <span class='ocrx_word' id='word_1_164' title='bbox 1156 4591 1353 4641; x_wconf 89' lang='lat' dir='ltr'>autem</span> 
     </span>
    </p>
   </div>
   <div class='ocr_carea' id='block_1_5' title="bbox 2140 321 2417 385">
    <p class='ocr_par' dir='ltr' id='par_1_9' title="bbox 2140 321 2417 385">
     <span class='ocr_line' id='line_1_47' title="bbox 2140 321 2417 385; baseline 0.004 -3"><span class='ocrx_word' id='word_1_165' title='bbox 2140 321 2380 385; x_wconf 86' lang='lat' dir='ltr'><em>SECD</em></span> <span class='ocrx_word' id='word_1_166' title='bbox 2402 353 2417 370; x_wconf 92' lang='lat'><strong>·</strong></span> 
     </span>
    </p>
   </div>
   <div class='ocr_carea' id='block_1_6' title="bbox 1539 491 2216 2549">
    <p class='ocr_par' dir='ltr' id='par_1_10' title="bbox 1540 491 2216 1590">
     <span class='ocr_line' id='line_1_48' title="bbox 1546 491 2185 568; baseline 0.005 -19"><span class='ocrx_word' id='word_1_167' title='bbox 1546 491 1735 568; x_wconf 85' lang='lat' dir='ltr'>magis</span> <span class='ocrx_word' id='word_1_168' title='bbox 1764 509 1955 551; x_wconf 89' lang='lat' dir='ltr'>sermo</span> <span class='ocrx_word' id='word_1_169' title='bbox 1986 491 2058 552; x_wconf 92' lang='lat' dir='ltr'>de</span> <span class='ocrx_word' id='word_1_170' title='bbox 2087 492 2185 553; x_wconf 90' lang='lat' dir='ltr'>illo</span> 
     </span>
     <span class='ocr_line' id='line_1_49' title="bbox 1545 587 2061 645; baseline 0.002 -1"><span class='ocrx_word' id='word_1_171' title='bbox 1545 594 1602 644; x_wconf 87' lang='lat' dir='ltr'>et</span> <span class='ocrx_word' id='word_1_172' title='bbox 1631 587 2061 645; x_wconf 89' lang='lat' dir='ltr'>conueniebant</span> 
     </span>
     <span class='ocr_line' id='line_1_50' title="bbox 1544 681 2186 741; baseline 0.006 -4"><span class='ocrx_word' id='word_1_173' title='bbox 1544 681 1745 738; x_wconf 86' lang='lat' dir='ltr'>turbae</span> <span class='ocrx_word' id='word_1_174' title='bbox 1775 681 1993 740; x_wconf 85' lang='lat' dir='ltr'>multae</span> <span class='ocrx_word' id='word_1_175' title='bbox 2019 691 2083 739; x_wconf 92' lang='lat' dir='ltr'>ut</span> <span class='ocrx_word' id='word_1_176' title='bbox 2110 699 2186 741; x_wconf 87' lang='lat' dir='ltr'>au</span> 
     </span>
     <span class='ocr_line' id='line_1_51' title="bbox 1542 774 2077 834; baseline 0.004 -2"><span class='ocrx_word' id='word_1_177' title='bbox 1542 774 1731 832; x_wconf 89' lang='lat' dir='ltr'>dirent</span> <span class='ocrx_word' id='word_1_178' title='bbox 1754 786 1812 834; x_wconf 90' lang='lat' dir='ltr'>et</span> <span class='ocrx_word' id='word_1_179' title='bbox 1833 793 2077 834; x_wconf 89' lang='lat' dir='ltr'>curaren</span> 
     </span>
     <span class='ocr_line' id='line_1_52' title="bbox 1541 868 2076 928; baseline 0.004 -3"><span class='ocrx_word' id='word_1_180' title='bbox 1541 876 1632 925; x_wconf 91' lang='lat' dir='ltr'>tur</span> <span class='ocrx_word' id='word_1_181' title='bbox 1660 869 1736 926; x_wconf 89' lang='lat' dir='ltr'>ab</span> <span class='ocrx_word' id='word_1_182' title='bbox 1764 868 2076 928; x_wconf 88' lang='lat' dir='ltr'>infirmitati</span> 
     </span>
     <span class='ocr_line' id='line_1_53' title="bbox 1540 962 2216 1041; baseline 0.007 -21"><span class='ocrx_word' id='word_1_183' title='bbox 1540 963 1651 1021; x_wconf 89' lang='lat' dir='ltr'>bus</span> <span class='ocrx_word' id='word_1_184' title='bbox 1679 964 1796 1022; x_wconf 86' lang='lat' dir='ltr'>suis</span> <span class='ocrx_word' id='word_1_185' title='bbox 1815 994 1828 1008; x_wconf 94' lang='lat'><strong>·</strong></span> <span class='ocrx_word' id='word_1_186' title='bbox 1871 962 1915 996; x_wconf 81' lang='lat'>¹⁶</span> <span class='ocrx_word' id='word_1_187' title='bbox 1932 965 2055 1041; x_wconf 90' lang='lat' dir='ltr'>ipse</span> <span class='ocrx_word' id='word_1_188' title='bbox 2083 972 2216 1025; x_wconf 69' lang='lat' dir='ltr'>aute</span> 
     </span>
     <span class='ocr_line' id='line_1_54' title="bbox 1542 1057 2142 1119; baseline 0.007 -4"><span class='ocrx_word' id='word_1_189' title='bbox 1542 1057 1851 1116; x_wconf 90' lang='lat' dir='ltr'>secedebat</span> <span class='ocrx_word' id='word_1_190' title='bbox 1880 1060 1938 1116; x_wconf 89' lang='lat' dir='ltr'>in</span> <span class='ocrx_word' id='word_1_191' title='bbox 1974 1060 2142 1119; x_wconf 88' lang='lat' dir='ltr'>deser</span> 
     </span>
     <span class='ocr_line' id='line_1_55' title="bbox 1543 1153 2141 1212; baseline 0.007 -4"><span class='ocrx_word' id='word_1_192' title='bbox 1543 1159 1604 1209; x_wconf 95' lang='lat' dir='ltr'>to</span> <span class='ocrx_word' id='word_1_193' title='bbox 1631 1160 1689 1209; x_wconf 91' lang='lat' dir='ltr'>et</span> <span class='ocrx_word' id='word_1_194' title='bbox 1717 1153 1921 1210; x_wconf 88' lang='lat' dir='ltr'>orabat</span> <span class='ocrx_word' id='word_1_195' title='bbox 1945 1184 1958 1200; x_wconf 90' lang='lat'><strong>·</strong></span> <span class='ocrx_word' id='word_1_196' title='bbox 2002 1153 2046 1187; x_wconf 80' lang='lat'>¹⁷</span> <span class='ocrx_word' id='word_1_197' title='bbox 2065 1155 2141 1212; x_wconf 87' lang='lat' dir='ltr'>Et</span> 
     </span>
     <span class='ocr_line' id='line_1_56' title="bbox 1545 1243 2120 1307; baseline 0.009 -5"><span class='ocrx_word' id='word_1_198' title='bbox 1545 1243 1761 1303; x_wconf 89' lang='lat' dir='ltr'>factum</span> <span class='ocrx_word' id='word_1_199' title='bbox 1788 1256 1877 1304; x_wconf 88' lang='lat' dir='ltr'>est</span> <span class='ocrx_word' id='word_1_200' title='bbox 1904 1248 1965 1305; x_wconf 89' lang='lat' dir='ltr'>in</span> <span class='ocrx_word' id='word_1_201' title='bbox 1999 1266 2120 1307; x_wconf 88' lang='lat' dir='ltr'>una</span> 
     </span>
     <span class='ocr_line' id='line_1_57' title="bbox 1544 1337 2145 1418; baseline 0.01 -22"><span class='ocrx_word' id='word_1_202' title='bbox 1544 1337 1769 1398; x_wconf 89' lang='lat' dir='ltr'>dierum</span> <span class='ocrx_word' id='word_1_203' title='bbox 1797 1352 1854 1399; x_wconf 90' lang='lat' dir='ltr'>et</span> <span class='ocrx_word' id='word_1_204' title='bbox 1881 1342 2006 1418; x_wconf 88' lang='lat' dir='ltr'>ipse</span> <span class='ocrx_word' id='word_1_205' title='bbox 2030 1353 2145 1403; x_wconf 62' lang='lat' dir='ltr'>ersst</span> 
     </span>
     <span class='ocr_line' id='line_1_58' title="bbox 1544 1432 2120 1496; baseline 0.009 -5"><span class='ocrx_word' id='word_1_206' title='bbox 1544 1432 1767 1493; x_wconf 90' lang='lat' dir='ltr'>docens</span> <span class='ocrx_word' id='word_1_207' title='bbox 1792 1466 1806 1481; x_wconf 91' lang='lat'><strong>·</strong></span> <span class='ocrx_word' id='word_1_208' title='bbox 1866 1447 1924 1494; x_wconf 90' lang='lat' dir='ltr'>et</span> <span class='ocrx_word' id='word_1_209' title='bbox 1955 1448 2120 1496; x_wconf 88' lang='lat' dir='ltr'>erant</span> 
     </span>
     <span class='ocr_line' id='line_1_59' title="bbox 1543 1527 2062 1590; baseline 0.012 -6"><span class='ocrx_word' id='word_1_210' title='bbox 1543 1527 1768 1587; x_wconf 88' lang='lat' dir='ltr'>farisaei</span> <span class='ocrx_word' id='word_1_211' title='bbox 1791 1529 2062 1590; x_wconf 85' lang='lat' dir='ltr'>sedentes</span> 
     </span>
    </p>

    <p class='ocr_par' dir='ltr' id='par_1_11' title="bbox 1539 1622 2191 2435">
     <span class='ocr_line' id='line_1_60' title="bbox 1544 1622 2116 1698; baseline 0.007 -19"><span class='ocrx_word' id='word_1_212' title='bbox 1544 1632 1601 1680; x_wconf 90' lang='lat' dir='ltr'>et</span> <span class='ocrx_word' id='word_1_213' title='bbox 1630 1622 1773 1698; x_wconf 87' lang='lat' dir='ltr'>legis</span> <span class='ocrx_word' id='word_1_214' title='bbox 1802 1623 2077 1683; x_wconf 90' lang='lat' dir='ltr'>doctores</span> <span class='ocrx_word' id='word_1_215' title='bbox 2101 1657 2116 1673; x_wconf 92' lang='lat'><strong>·</strong></span> 
     </span>
     <span class='ocr_line' id='line_1_61' title="bbox 1544 1716 2191 1791; baseline 0.011 -20"><span class='ocrx_word' id='word_1_216' title='bbox 1544 1716 1643 1791; x_wconf 91' lang='lat' dir='ltr'>qui</span> <span class='ocrx_word' id='word_1_217' title='bbox 1673 1728 1955 1776; x_wconf 89' lang='lat' dir='ltr'>uenerant</span> <span class='ocrx_word' id='word_1_218' title='bbox 1984 1737 2059 1778; x_wconf 83' lang='lat' dir='ltr'>ex</span> <span class='ocrx_word' id='word_1_219' title='bbox 2088 1737 2191 1777; x_wconf 91' lang='lat' dir='ltr'>om</span> 
     </span>
     <span class='ocr_line' id='line_1_62' title="bbox 1541 1810 2141 1887; baseline 0.012 -22"><span class='ocrx_word' id='word_1_220' title='bbox 1541 1810 1603 1866; x_wconf 93' lang='lat' dir='ltr'>ni</span> <span class='ocrx_word' id='word_1_221' title='bbox 1632 1810 1872 1869; x_wconf 87' lang='lat' dir='ltr'>castello</span> <span class='ocrx_word' id='word_1_222' title='bbox 1902 1812 2141 1887; x_wconf 80' lang='lat' dir='ltr'>galileae</span> 
     </span>
     <span class='ocr_line' id='line_1_63' title="bbox 1542 1904 2105 1965; baseline 0.009 -5"><span class='ocrx_word' id='word_1_223' title='bbox 1542 1912 1599 1960; x_wconf 90' lang='lat' dir='ltr'>et</span> <span class='ocrx_word' id='word_1_224' title='bbox 1626 1904 1829 1963; x_wconf 88' lang='lat' dir='ltr'>iudeae</span> <span class='ocrx_word' id='word_1_225' title='bbox 1859 1917 1917 1963; x_wconf 89' lang='lat' dir='ltr'>et</span> <span class='ocrx_word' id='word_1_226' title='bbox 1945 1907 2105 1965; x_wconf 90' lang='lat' dir='ltr'>hieru</span> 
     </span>
     <span class='ocr_line' id='line_1_64' title="bbox 1543 1998 2090 2061; baseline 0.009 -6"><span class='ocrx_word' id='word_1_227' title='bbox 1543 1998 1723 2056; x_wconf 88' lang='lat' dir='ltr'>salem</span> <span class='ocrx_word' id='word_1_228' title='bbox 1748 2029 1761 2045; x_wconf 91' lang='lat'><strong>·</strong></span> <span class='ocrx_word' id='word_1_229' title='bbox 1827 2010 1883 2058; x_wconf 91' lang='lat' dir='ltr'>et</span> <span class='ocrx_word' id='word_1_230' title='bbox 1912 2002 2090 2061; x_wconf 85' lang='lat' dir='ltr'>uirtus</span> 
     </span>
     <span class='ocr_line' id='line_1_65' title="bbox 1540 2092 2109 2154; baseline 0.005 -3"><span class='ocrx_word' id='word_1_231' title='bbox 1540 2101 1664 2151; x_wconf 89' lang='lat' dir='ltr'>erat</span> <span class='ocrx_word' id='word_1_232' title='bbox 1692 2092 1790 2150; x_wconf 71' lang='lat' dir='ltr'>dni</span> <span class='ocrx_word' id='word_1_233' title='bbox 1820 2093 1895 2151; x_wconf 93' lang='lat' dir='ltr'>ad</span> <span class='ocrx_word' id='word_1_234' title='bbox 1924 2114 2109 2154; x_wconf 91' lang='lat' dir='ltr'>sanan</span> 
     </span>
     <span class='ocr_line' id='line_1_66' title="bbox 1540 2188 2178 2250; baseline 0.005 -4"><span class='ocrx_word' id='word_1_235' title='bbox 1540 2188 1680 2246; x_wconf 91' lang='lat' dir='ltr'>dum</span> <span class='ocrx_word' id='word_1_236' title='bbox 1710 2206 1813 2247; x_wconf 88' lang='lat' dir='ltr'>eos</span> <span class='ocrx_word' id='word_1_237' title='bbox 1836 2219 1850 2234; x_wconf 89' lang='lat'><strong>·</strong></span> <span class='ocrx_word' id='word_1_238' title='bbox 1896 2188 1936 2222; x_wconf 79' lang='lat'>¹⁸</span> <span class='ocrx_word' id='word_1_239' title='bbox 1955 2199 2011 2247; x_wconf 91' lang='lat' dir='ltr'>et</span> <span class='ocrx_word' id='word_1_240' title='bbox 2040 2207 2178 2250; x_wconf 90' lang='lat' dir='ltr'>ecce</span> 
     </span>
     <span class='ocr_line' id='line_1_67' title="bbox 1539 2282 2058 2357; baseline 0.006 -19"><span class='ocrx_word' id='word_1_241' title='bbox 1539 2282 1642 2338; x_wconf 90' lang='lat' dir='ltr'>uiri</span> <span class='ocrx_word' id='word_1_242' title='bbox 1670 2291 1969 2357; x_wconf 88' lang='lat' dir='ltr'>portantes</span> <span class='ocrx_word' id='word_1_243' title='bbox 1997 2284 2058 2341; x_wconf 91' lang='lat' dir='ltr'>in</span> 
     </span>
     <span class='ocr_line' id='line_1_68' title="bbox 1540 2375 2059 2435; baseline 0.006 -2"><span class='ocrx_word' id='word_1_244' title='bbox 1540 2375 1693 2435; x_wconf 90' lang='lat' dir='ltr'>lecto</span> <span class='ocrx_word' id='word_1_245' title='bbox 1723 2376 2023 2435; x_wconf 92' lang='lat' dir='ltr'>hominem</span> <span class='ocrx_word' id='word_1_246' title='bbox 2045 2408 2059 2423; x_wconf 91' lang='lat'><strong>·</strong></span> 
     </span>
    </p>

    <p class='ocr_par' dir='ltr' id='par_1_12' title="bbox 1541 2471 2171 2549">
     <span class='ocr_line' id='line_1_69' title="bbox 1541 2471 2171 2549; baseline 0.005 -21"><span class='ocrx_word' id='word_1_247' title='bbox 1541 2471 1641 2548; x_wconf 88' lang='lat' dir='ltr'>qui</span> <span class='ocrx_word' id='word_1_248' title='bbox 1676 2481 1797 2529; x_wconf 90' lang='lat' dir='ltr'>erat</span> <span class='ocrx_word' id='word_1_249' title='bbox 1826 2472 2171 2549; x_wconf 87' lang='lat' dir='ltr'>paralyticus</span> 
     </span>
    </p>
   </div>
   <div class='ocr_carea' id='block_1_7' title="bbox 1540 2603 2234 4658">
    <p class='ocr_par' dir='ltr' id='par_1_13' title="bbox 1540 2603 2234 4658">
     <span class='ocr_line' id='line_1_70' title="bbox 1543 2603 2221 2679; baseline 0.001 -18"><span class='ocrx_word' id='word_1_250' title='bbox 1543 2611 1600 2661; x_wconf 91' lang='lat' dir='ltr'>et</span> <span class='ocrx_word' id='word_1_251' title='bbox 1621 2603 1978 2679; x_wconf 89' lang='lat' dir='ltr'>quaerebant</span> <span class='ocrx_word' id='word_1_252' title='bbox 1998 2623 2133 2664; x_wconf 89' lang='lat' dir='ltr'>eum</span> <span class='ocrx_word' id='word_1_253' title='bbox 2163 2605 2221 2663; x_wconf 87' lang='lat' dir='ltr'>in</span> 
     </span>
     <span class='ocr_line' id='line_1_71' title="bbox 1541 2696 2186 2774; baseline 0.006 -20"><span class='ocrx_word' id='word_1_254' title='bbox 1541 2696 1687 2756; x_wconf 88' lang='lat' dir='ltr'>ferre</span> <span class='ocrx_word' id='word_1_255' title='bbox 1717 2709 1775 2755; x_wconf 94' lang='lat' dir='ltr'>et</span> <span class='ocrx_word' id='word_1_256' title='bbox 1802 2715 2022 2774; x_wconf 91' lang='lat' dir='ltr'>ponere</span> <span class='ocrx_word' id='word_1_257' title='bbox 2052 2710 2186 2759; x_wconf 89' lang='lat' dir='ltr'>ante</span> 
     </span>
     <span class='ocr_line' id='line_1_72' title="bbox 1542 2790 2225 2851; baseline 0.006 -4"><span class='ocrx_word' id='word_1_258' title='bbox 1542 2808 1677 2848; x_wconf 88' lang='lat' dir='ltr'>eum</span> <span class='ocrx_word' id='word_1_259' title='bbox 1741 2790 1784 2824; x_wconf 80' lang='lat'>¹⁹</span> <span class='ocrx_word' id='word_1_260' title='bbox 1802 2802 1859 2850; x_wconf 91' lang='lat' dir='ltr'>et</span> <span class='ocrx_word' id='word_1_261' title='bbox 1889 2810 2009 2850; x_wconf 90' lang='lat' dir='ltr'>non</span> <span class='ocrx_word' id='word_1_262' title='bbox 2028 2794 2225 2851; x_wconf 90' lang='lat' dir='ltr'>inueni</span> 
     </span>
     <span class='ocr_line' id='line_1_73' title="bbox 1542 2887 2113 2962; baseline 0 -19"><span class='ocrx_word' id='word_1_263' title='bbox 1542 2894 1709 2943; x_wconf 90' lang='lat' dir='ltr'>entes</span> <span class='ocrx_word' id='word_1_264' title='bbox 1738 2904 1854 2962; x_wconf 91' lang='lat' dir='ltr'>qua</span> <span class='ocrx_word' id='word_1_265' title='bbox 1883 2896 2044 2961; x_wconf 90' lang='lat' dir='ltr'>parte</span> <span class='ocrx_word' id='word_1_266' title='bbox 2076 2887 2113 2943; x_wconf 94' lang='lat' dir='ltr'>il</span> 
     </span>
     <span class='ocr_line' id='line_1_74' title="bbox 1540 2977 2139 3055; baseline 0.002 -18"><span class='ocrx_word' id='word_1_267' title='bbox 1540 2977 1662 3037; x_wconf 88' lang='lat' dir='ltr'>lum</span> <span class='ocrx_word' id='word_1_268' title='bbox 1693 2979 1970 3037; x_wconf 84' lang='lat' dir='ltr'>inferrent</span> <span class='ocrx_word' id='word_1_269' title='bbox 2000 2999 2139 3055; x_wconf 88' lang='lat' dir='ltr'>prae</span> 
     </span>
     <span class='ocr_line' id='line_1_75' title="bbox 1542 3073 2169 3133; baseline 0.002 -2"><span class='ocrx_word' id='word_1_270' title='bbox 1542 3073 1708 3132; x_wconf 89' lang='lat' dir='ltr'>turba</span> <span class='ocrx_word' id='word_1_271' title='bbox 1779 3075 2169 3133; x_wconf 89' lang='lat' dir='ltr'>ascenderunt</span> 
     </span>
     <span class='ocr_line' id='line_1_76' title="bbox 1542 3178 2122 3242; baseline 0.003 -18"><span class='ocrx_word' id='word_1_272' title='bbox 1542 3185 1718 3242; x_wconf 86' lang='lat' dir='ltr'>supra</span> <span class='ocrx_word' id='word_1_273' title='bbox 1747 3178 1962 3226; x_wconf 90' lang='lat' dir='ltr'>tectum</span> <span class='ocrx_word' id='word_1_274' title='bbox 1986 3199 2000 3214; x_wconf 92' lang='lat'><strong>·</strong></span> <span class='ocrx_word' id='word_1_275' title='bbox 2064 3178 2122 3226; x_wconf 91' lang='lat' dir='ltr'>et</span> 
     </span>
     <span class='ocr_line' id='line_1_77' title="bbox 1541 3261 2114 3337; baseline 0.002 -19"><span class='ocrx_word' id='word_1_276' title='bbox 1541 3279 1647 3337; x_wconf 90' lang='lat' dir='ltr'>per</span> <span class='ocrx_word' id='word_1_277' title='bbox 1668 3261 1892 3336; x_wconf 87' lang='lat' dir='ltr'>tegulas</span> <span class='ocrx_word' id='word_1_278' title='bbox 1922 3263 2114 3321; x_wconf 91' lang='lat' dir='ltr'>submi</span> 
     </span>
     <span class='ocr_line' id='line_1_78' title="bbox 1542 3355 2098 3415; baseline 0.002 -1"><span class='ocrx_word' id='word_1_279' title='bbox 1542 3367 1740 3414; x_wconf 87' lang='lat' dir='ltr'>serunt</span> <span class='ocrx_word' id='word_1_280' title='bbox 1768 3355 1928 3414; x_wconf 91' lang='lat' dir='ltr'>illurn</span> <span class='ocrx_word' id='word_1_281' title='bbox 1963 3375 2098 3415; x_wconf 89' lang='lat' dir='ltr'>cum</span> 
     </span>
     <span class='ocr_line' id='line_1_79' title="bbox 1541 3449 2171 3510; baseline 0.005 -3"><span class='ocrx_word' id='word_1_282' title='bbox 1541 3449 1694 3509; x_wconf 88' lang='lat' dir='ltr'>lecto</span> <span class='ocrx_word' id='word_1_283' title='bbox 1726 3450 1785 3508; x_wconf 89' lang='lat' dir='ltr'>in</span> <span class='ocrx_word' id='word_1_284' title='bbox 1815 3451 2008 3510; x_wconf 89' lang='lat' dir='ltr'>medio</span> <span class='ocrx_word' id='word_1_285' title='bbox 2038 3461 2171 3510; x_wconf 90' lang='lat' dir='ltr'>ante</span> 
     </span>
     <span class='ocr_line' id='line_1_80' title="bbox 1543 3543 2200 3621; baseline 0.005 -20"><span class='ocrx_word' id='word_1_286' title='bbox 1543 3543 1662 3601; x_wconf 83' lang='lat' dir='ltr'>ihm</span> <span class='ocrx_word' id='word_1_287' title='bbox 1688 3574 1702 3589; x_wconf 92' lang='lat'><strong>·</strong></span> <span class='ocrx_word' id='word_1_288' title='bbox 1747 3543 1791 3577; x_wconf 78' lang='lat'>²⁰</span> <span class='ocrx_word' id='word_1_289' title='bbox 1808 3563 2055 3621; x_wconf 89' lang='lat' dir='ltr'>quorum</span> <span class='ocrx_word' id='word_1_290' title='bbox 2087 3546 2200 3604; x_wconf 67' lang='lat' dir='ltr'>fide</span> 
     </span>
     <span class='ocr_line' id='line_1_81' title="bbox 1544 3638 2176 3698; baseline -0.002 0"><span class='ocrx_word' id='word_1_291' title='bbox 1544 3655 1680 3698; x_wconf 88' lang='lat' dir='ltr'>cum</span> <span class='ocrx_word' id='word_1_292' title='bbox 1709 3638 1933 3697; x_wconf 90' lang='lat' dir='ltr'>uideret</span> <span class='ocrx_word' id='word_1_293' title='bbox 1957 3670 1970 3684; x_wconf 94' lang='lat'><strong>·</strong></span> <span class='ocrx_word' id='word_1_294' title='bbox 2034 3639 2176 3698; x_wconf 88' lang='lat' dir='ltr'>dixit</span> 
     </span>
     <span class='ocr_line' id='line_1_82' title="bbox 1543 3731 2113 3791; baseline 0 -1"><span class='ocrx_word' id='word_1_295' title='bbox 1543 3731 1769 3791; x_wconf 91' lang='lat' dir='ltr'>homini</span> <span class='ocrx_word' id='word_1_296' title='bbox 1792 3764 1806 3779; x_wconf 91' lang='lat'><strong>·</strong></span> <span class='ocrx_word' id='word_1_297' title='bbox 1873 3733 2113 3791; x_wconf 89' lang='lat' dir='ltr'>dimissa</span> 
     </span>
     <span class='ocr_line' id='line_1_83' title="bbox 1544 3828 2222 3903; baseline 0.001 -18"><span class='ocrx_word' id='word_1_298' title='bbox 1544 3839 1678 3885; x_wconf 89' lang='lat' dir='ltr'>sunt</span> <span class='ocrx_word' id='word_1_299' title='bbox 1703 3828 1801 3885; x_wconf 90' lang='lat' dir='ltr'>tibi</span> <span class='ocrx_word' id='word_1_300' title='bbox 1824 3840 2065 3903; x_wconf 89' lang='lat' dir='ltr'>peccata</span> <span class='ocrx_word' id='word_1_301' title='bbox 2085 3838 2184 3887; x_wconf 88' lang='lat' dir='ltr'>tua</span> <span class='ocrx_word' id='word_1_302' title='bbox 2207 3860 2222 3875; x_wconf 87' lang='lat'><strong>·</strong></span> 
     </span>
     <span class='ocr_line' id='line_1_84' title="bbox 1543 3918 2230 3998; baseline 0.001 -19"><span class='ocrx_word' id='word_1_303' title='bbox 1543 3918 1585 3952; x_wconf 76' lang='lat'>²¹</span> <span class='ocrx_word' id='word_1_304' title='bbox 1603 3922 1678 3979; x_wconf 89' lang='lat' dir='ltr'>Et</span> <span class='ocrx_word' id='word_1_305' title='bbox 1698 3932 2017 3998; x_wconf 88' lang='lat' dir='ltr'>coeperunt</span> <span class='ocrx_word' id='word_1_306' title='bbox 2036 3923 2230 3998; x_wconf 85' lang='lat' dir='ltr'>cogita</span> 
     </span>
     <span class='ocr_line' id='line_1_85' title="bbox 1544 4016 2216 4076; baseline 0 -2"><span class='ocrx_word' id='word_1_307' title='bbox 1544 4034 1606 4074; x_wconf 92' lang='lat' dir='ltr'>re</span> <span class='ocrx_word' id='word_1_308' title='bbox 1636 4017 1858 4075; x_wconf 89' lang='lat' dir='ltr'>scribae</span> <span class='ocrx_word' id='word_1_309' title='bbox 1876 4027 1933 4074; x_wconf 90' lang='lat' dir='ltr'>et</span> <span class='ocrx_word' id='word_1_310' title='bbox 1954 4016 2180 4076; x_wconf 84' lang='lat' dir='ltr'>farisaei</span> <span class='ocrx_word' id='word_1_311' title='bbox 2202 4049 2216 4063; x_wconf 92' lang='lat'><strong>·</strong></span> 
     </span>
     <span class='ocr_line' id='line_1_86' title="bbox 1545 4112 2143 4170; baseline 0.002 -1"><span class='ocrx_word' id='word_1_312' title='bbox 1545 4112 1606 4169; x_wconf 89' lang='lat' dir='ltr'>in</span> <span class='ocrx_word' id='word_1_313' title='bbox 1636 4112 1907 4169; x_wconf 89' lang='lat' dir='ltr'>cordibus</span> <span class='ocrx_word' id='word_1_314' title='bbox 1937 4112 2055 4169; x_wconf 89' lang='lat' dir='ltr'>suis</span> <span class='ocrx_word' id='word_1_315' title='bbox 2086 4112 2143 4170; x_wconf 93' lang='lat' dir='ltr'>di</span> 
     </span>
     <span class='ocr_line' id='line_1_87' title="bbox 1545 4206 2216 4282; baseline 0.004 -20"><span class='ocrx_word' id='word_1_316' title='bbox 1545 4216 1743 4264; x_wconf 89' lang='lat' dir='ltr'>centes</span> <span class='ocrx_word' id='word_1_317' title='bbox 1768 4236 1781 4252; x_wconf 91' lang='lat'><strong>·</strong></span> <span class='ocrx_word' id='word_1_318' title='bbox 1814 4206 1944 4282; x_wconf 91' lang='lat' dir='ltr'>quis</span> <span class='ocrx_word' id='word_1_319' title='bbox 1975 4216 2060 4264; x_wconf 88' lang='lat' dir='ltr'>est</span> <span class='ocrx_word' id='word_1_320' title='bbox 2088 4207 2182 4265; x_wconf 89' lang='lat' dir='ltr'>hic</span> <span class='ocrx_word' id='word_1_321' title='bbox 2202 4239 2216 4252; x_wconf 94' lang='lat'>·</span> 
     </span>
     <span class='ocr_line' id='line_1_88' title="bbox 1546 4299 2142 4376; baseline 0.005 -20"><span class='ocrx_word' id='word_1_322' title='bbox 1546 4300 1646 4376; x_wconf 91' lang='lat' dir='ltr'>qui</span> <span class='ocrx_word' id='word_1_323' title='bbox 1678 4299 1931 4376; x_wconf 89' lang='lat' dir='ltr'>loquitur</span> <span class='ocrx_word' id='word_1_324' title='bbox 1960 4300 2142 4359; x_wconf 85' lang='lat' dir='ltr'>blasfe</span> 
     </span>
     <span class='ocr_line' id='line_1_89' title="bbox 1546 4393 2229 4469; baseline 0.001 -18"><span class='ocrx_word' id='word_1_325' title='bbox 1546 4394 1696 4451; x_wconf 89' lang='lat' dir='ltr'>mias</span> <span class='ocrx_word' id='word_1_326' title='bbox 1715 4424 1729 4439; x_wconf 92' lang='lat'><strong>·</strong></span> <span class='ocrx_word' id='word_1_327' title='bbox 1794 4394 1924 4469; x_wconf 90' lang='lat' dir='ltr'>quis</span> <span class='ocrx_word' id='word_1_328' title='bbox 1953 4403 2147 4469; x_wconf 90' lang='lat' dir='ltr'>potest</span> <span class='ocrx_word' id='word_1_329' title='bbox 2169 4393 2229 4452; x_wconf 89' lang='lat' dir='ltr'>di</span> 
     </span>
     <span class='ocr_line' id='line_1_90' title="bbox 1547 4487 2181 4562; baseline 0.003 -17"><span class='ocrx_word' id='word_1_330' title='bbox 1547 4487 1773 4545; x_wconf 90' lang='lat' dir='ltr'>mittere</span> <span class='ocrx_word' id='word_1_331' title='bbox 1801 4498 2042 4562; x_wconf 89' lang='lat' dir='ltr'>peccata</span> <span class='ocrx_word' id='word_1_332' title='bbox 2069 4488 2181 4547; x_wconf 90' lang='lat' dir='ltr'>nisi</span> 
     </span>
     <span class='ocr_line' id='line_1_91' title="bbox 1547 4578 2234 4658; baseline 0.001 -18"><span class='ocrx_word' id='word_1_333' title='bbox 1547 4580 1707 4640; x_wconf 90' lang='lat' dir='ltr'>solus</span> <span class='ocrx_word' id='word_1_334' title='bbox 1726 4581 1794 4641; x_wconf 72' lang='lat' dir='ltr'>ds</span> <span class='ocrx_word' id='word_1_335' title='bbox 1807 4612 1821 4627; x_wconf 89' lang='lat'><strong>·</strong></span> <span class='ocrx_word' id='word_1_336' title='bbox 1838 4578 1953 4639; x_wconf 74' lang='lat' dir='ltr'>”ut</span> <span class='ocrx_word' id='word_1_337' title='bbox 1963 4584 2234 4658; x_wconf 80' lang='lat' dir='ltr'>cognouit</span> 
     </span>
    </p>
   </div>
   <div class='ocr_carea' id='block_1_8' title="bbox 2343 493 3048 2548">
    <p class='ocr_par' dir='ltr' id='par_1_14' title="bbox 2345 493 3000 1118">
     <span class='ocr_line' id='line_1_92' title="bbox 2349 493 2930 570; baseline 0 -18"><span class='ocrx_word' id='word_1_338' title='bbox 2349 505 2545 553; x_wconf 89' lang='lat' dir='ltr'>autem</span> <span class='ocrx_word' id='word_1_339' title='bbox 2577 494 2664 552; x_wconf 79' lang='lat' dir='ltr'>ihs</span> <span class='ocrx_word' id='word_1_340' title='bbox 2694 493 2930 570; x_wconf 86' lang='lat' dir='ltr'>cogitati</span> 
     </span>
     <span class='ocr_line' id='line_1_93' title="bbox 2348 605 2919 648; baseline -0.004 -1"><span class='ocrx_word' id='word_1_341' title='bbox 2348 607 2495 647; x_wconf 91' lang='lat' dir='ltr'>ones</span> <span class='ocrx_word' id='word_1_342' title='bbox 2524 607 2728 648; x_wconf 83' lang='lat' dir='ltr'>eorum</span> <span class='ocrx_word' id='word_1_343' title='bbox 2752 619 2766 634; x_wconf 92' lang='lat'><strong>·</strong></span> <span class='ocrx_word' id='word_1_344' title='bbox 2826 605 2919 646; x_wconf 88' lang='lat' dir='ltr'>res</span> 
     </span>
     <span class='ocr_line' id='line_1_94' title="bbox 2348 681 2966 760; baseline -0.003 -19"><span class='ocrx_word' id='word_1_345' title='bbox 2348 683 2621 760; x_wconf 78' lang='lat' dir='ltr'>ponderis</span> <span class='ocrx_word' id='word_1_346' title='bbox 2650 682 2793 741; x_wconf 82' lang='lat' dir='ltr'>dixit</span> <span class='ocrx_word' id='word_1_347' title='bbox 2822 682 2897 741; x_wconf 92' lang='lat' dir='ltr'>ad</span> <span class='ocrx_word' id='word_1_348' title='bbox 2927 681 2966 740; x_wconf 90' lang='lat' dir='ltr'>il</span> 
     </span>
     <span class='ocr_line' id='line_1_95' title="bbox 2348 776 2980 854; baseline -0.005 -19"><span class='ocrx_word' id='word_1_349' title='bbox 2348 776 2436 835; x_wconf 90' lang='lat' dir='ltr'>los</span> <span class='ocrx_word' id='word_1_350' title='bbox 2460 807 2474 822; x_wconf 92' lang='lat'><strong>·</strong></span> <span class='ocrx_word' id='word_1_351' title='bbox 2540 777 2681 854; x_wconf 89' lang='lat' dir='ltr'>quid</span> <span class='ocrx_word' id='word_1_352' title='bbox 2711 776 2980 852; x_wconf 90' lang='lat' dir='ltr'>cogitatis</span> 
     </span>
     <span class='ocr_line' id='line_1_96' title="bbox 2347 870 2984 930; baseline 0.003 -3"><span class='ocrx_word' id='word_1_353' title='bbox 2347 870 2408 927; x_wconf 90' lang='lat' dir='ltr'>in</span> <span class='ocrx_word' id='word_1_354' title='bbox 2438 872 2712 930; x_wconf 88' lang='lat' dir='ltr'>cordibus</span> <span class='ocrx_word' id='word_1_355' title='bbox 2741 872 2946 929; x_wconf 88' lang='lat' dir='ltr'>uestris</span> <span class='ocrx_word' id='word_1_356' title='bbox 2969 900 2984 917; x_wconf 92' lang='lat'><strong>·</strong></span> 
     </span>
     <span class='ocr_line' id='line_1_97' title="bbox 2345 960 3000 1041; baseline 0.002 -20"><span class='ocrx_word' id='word_1_357' title='bbox 2345 960 2388 995; x_wconf 78' lang='lat'>²³</span> <span class='ocrx_word' id='word_1_358' title='bbox 2407 965 2545 1041; x_wconf 90' lang='lat' dir='ltr'>quid</span> <span class='ocrx_word' id='word_1_359' title='bbox 2575 975 2662 1023; x_wconf 87' lang='lat' dir='ltr'>est</span> <span class='ocrx_word' id='word_1_360' title='bbox 2690 963 2910 1024; x_wconf 88' lang='lat' dir='ltr'>facilius</span> <span class='ocrx_word' id='word_1_361' title='bbox 2940 964 3000 1024; x_wconf 92' lang='lat' dir='ltr'>di</span> 
     </span>
     <span class='ocr_line' id='line_1_98' title="bbox 2347 1059 2906 1118; baseline 0 -2"><span class='ocrx_word' id='word_1_362' title='bbox 2347 1076 2476 1117; x_wconf 90' lang='lat' dir='ltr'>cere</span> <span class='ocrx_word' id='word_1_363' title='bbox 2507 1059 2742 1118; x_wconf 90' lang='lat' dir='ltr'>dimissa</span> <span class='ocrx_word' id='word_1_364' title='bbox 2769 1069 2906 1118; x_wconf 90' lang='lat' dir='ltr'>sunt</span> 
     </span>
    </p>

    <p class='ocr_par' dir='ltr' id='par_1_15' title="bbox 2345 1153 3044 1605">
     <span class='ocr_line' id='line_1_99' title="bbox 2345 1153 2966 1229; baseline 0.005 -19"><span class='ocrx_word' id='word_1_365' title='bbox 2345 1153 2446 1210; x_wconf 92' lang='lat' dir='ltr'>tibi</span> <span class='ocrx_word' id='word_1_366' title='bbox 2476 1164 2718 1229; x_wconf 87' lang='lat' dir='ltr'>peccata</span> <span class='ocrx_word' id='word_1_367' title='bbox 2745 1164 2845 1211; x_wconf 90' lang='lat' dir='ltr'>tua</span> <span class='ocrx_word' id='word_1_368' title='bbox 2866 1163 2966 1213; x_wconf 89' lang='lat' dir='ltr'>aut</span> 
     </span>
     <span class='ocr_line' id='line_1_100' title="bbox 2346 1246 2944 1323; baseline 0.002 -19"><span class='ocrx_word' id='word_1_369' title='bbox 2346 1246 2536 1305; x_wconf 88' lang='lat' dir='ltr'>dicere</span> <span class='ocrx_word' id='word_1_370' title='bbox 2566 1265 2738 1323; x_wconf 89' lang='lat' dir='ltr'>surge</span> <span class='ocrx_word' id='word_1_371' title='bbox 2767 1261 2824 1306; x_wconf 94' lang='lat' dir='ltr'>et</span> <span class='ocrx_word' id='word_1_372' title='bbox 2846 1265 2944 1306; x_wconf 89' lang='lat' dir='ltr'>am</span> 
     </span>
     <span class='ocr_line' id='line_1_101' title="bbox 2345 1337 3044 1400; baseline 0.003 -2"><span class='ocrx_word' id='word_1_373' title='bbox 2345 1341 2515 1398; x_wconf 90' lang='lat' dir='ltr'>bula·</span> <span class='ocrx_word' id='word_1_374' title='bbox 2559 1337 2603 1372; x_wconf 71' lang='lat'>²⁸</span> <span class='ocrx_word' id='word_1_375' title='bbox 2622 1341 2702 1399; x_wconf 91' lang='lat' dir='ltr'>Ut</span> <span class='ocrx_word' id='word_1_376' title='bbox 2733 1351 2929 1400; x_wconf 87' lang='lat' dir='ltr'>autem</span> <span class='ocrx_word' id='word_1_377' title='bbox 2961 1340 3044 1400; x_wconf 91' lang='lat' dir='ltr'>sci</span> 
     </span>
     <span class='ocr_line' id='line_1_102' title="bbox 2346 1434 2963 1511; baseline 0 -19"><span class='ocrx_word' id='word_1_378' title='bbox 2346 1435 2453 1492; x_wconf 88' lang='lat' dir='ltr'>atis</span> <span class='ocrx_word' id='word_1_379' title='bbox 2487 1434 2622 1511; x_wconf 87' lang='lat' dir='ltr'>quia</span> <span class='ocrx_word' id='word_1_380' title='bbox 2652 1434 2771 1492; x_wconf 88' lang='lat' dir='ltr'>filiu</span> <span class='ocrx_word' id='word_1_381' title='bbox 2800 1435 2963 1493; x_wconf 91' lang='lat' dir='ltr'>homi</span> 
     </span>
     <span class='ocr_line' id='line_1_103' title="bbox 2346 1528 2919 1605; baseline 0.009 -21"><span class='ocrx_word' id='word_1_382' title='bbox 2346 1528 2436 1587; x_wconf 90' lang='lat' dir='ltr'>nis</span> <span class='ocrx_word' id='word_1_383' title='bbox 2464 1539 2813 1605; x_wconf 89' lang='lat' dir='ltr'>potestatem</span> <span class='ocrx_word' id='word_1_384' title='bbox 2842 1529 2919 1589; x_wconf 90' lang='lat' dir='ltr'>ha</span> 
     </span>
    </p>

    <p class='ocr_par' dir='ltr' id='par_1_16' title="bbox 2343 1623 3048 2548">
     <span class='ocr_line' id='line_1_104' title="bbox 2347 1623 2882 1682; baseline 0.002 -2"><span class='ocrx_word' id='word_1_385' title='bbox 2347 1624 2443 1680; x_wconf 89' lang='lat' dir='ltr'>bet</span> <span class='ocrx_word' id='word_1_386' title='bbox 2472 1623 2685 1681; x_wconf 89' lang='lat' dir='ltr'>interra</span> <span class='ocrx_word' id='word_1_387' title='bbox 2713 1624 2882 1682; x_wconf 90' lang='lat' dir='ltr'>remit</span> 
     </span>
     <span class='ocr_line' id='line_1_105' title="bbox 2347 1716 2936 1792; baseline 0.007 -19"><span class='ocrx_word' id='word_1_388' title='bbox 2347 1716 2503 1774; x_wconf 90' lang='lat' dir='ltr'>tendi</span> <span class='ocrx_word' id='word_1_389' title='bbox 2534 1728 2812 1792; x_wconf 89' lang='lat' dir='ltr'>peccata·</span> <span class='ocrx_word' id='word_1_390' title='bbox 2857 1719 2936 1777; x_wconf 92' lang='lat' dir='ltr'>ait</span> 
     </span>
     <span class='ocr_line' id='line_1_106' title="bbox 2346 1810 3044 1887; baseline 0.007 -20"><span class='ocrx_word' id='word_1_391' title='bbox 2346 1810 2662 1887; x_wconf 87' lang='lat' dir='ltr'>paralytico</span> <span class='ocrx_word' id='word_1_392' title='bbox 2686 1843 2699 1857; x_wconf 93' lang='lat'><strong>·</strong></span> <span class='ocrx_word' id='word_1_393' title='bbox 2745 1813 2848 1870; x_wconf 92' lang='lat' dir='ltr'>tibi</span> <span class='ocrx_word' id='word_1_394' title='bbox 2872 1813 3007 1872; x_wconf 92' lang='lat' dir='ltr'>dico</span> <span class='ocrx_word' id='word_1_395' title='bbox 3029 1843 3044 1859; x_wconf 91' lang='lat'><strong>·</strong></span> 
     </span>
     <span class='ocr_line' id='line_1_107' title="bbox 2346 1905 2927 1981; baseline 0 -17"><span class='ocrx_word' id='word_1_396' title='bbox 2346 1923 2520 1981; x_wconf 88' lang='lat' dir='ltr'>surge</span> <span class='ocrx_word' id='word_1_397' title='bbox 2548 1905 2684 1965; x_wconf 87' lang='lat' dir='ltr'>tolle</span> <span class='ocrx_word' id='word_1_398' title='bbox 2713 1905 2927 1964; x_wconf 84' lang='lat' dir='ltr'>lectum</span> 
     </span>
     <span class='ocr_line' id='line_1_108' title="bbox 2345 2000 2965 2060; baseline 0.005 -3"><span class='ocrx_word' id='word_1_399' title='bbox 2345 2011 2510 2057; x_wconf 91' lang='lat' dir='ltr'>tuum</span> <span class='ocrx_word' id='word_1_400' title='bbox 2539 2010 2595 2057; x_wconf 91' lang='lat' dir='ltr'>et</span> <span class='ocrx_word' id='word_1_401' title='bbox 2623 2000 2771 2059; x_wconf 91' lang='lat' dir='ltr'>uade</span> <span class='ocrx_word' id='word_1_402' title='bbox 2801 2002 2859 2058; x_wconf 92' lang='lat' dir='ltr'>in</span> <span class='ocrx_word' id='word_1_403' title='bbox 2885 2001 2965 2060; x_wconf 93' lang='lat' dir='ltr'>do</span> 
     </span>
     <span class='ocr_line' id='line_1_109' title="bbox 2343 2093 3048 2155; baseline 0.007 -5"><span class='ocrx_word' id='word_1_404' title='bbox 2343 2112 2507 2151; x_wconf 89' lang='lat' dir='ltr'>mum</span> <span class='ocrx_word' id='word_1_405' title='bbox 2529 2104 2688 2152; x_wconf 88' lang='lat' dir='ltr'>tuam</span> <span class='ocrx_word' id='word_1_406' title='bbox 2707 2126 2721 2141; x_wconf 92' lang='lat'><strong>·</strong></span> <span class='ocrx_word' id='word_1_407' title='bbox 2765 2093 2809 2127; x_wconf 55' lang='grc' dir='ltr'>’ὅ</span> <span class='ocrx_word' id='word_1_408' title='bbox 2827 2096 2904 2154; x_wconf 89' lang='lat' dir='ltr'>Et</span> <span class='ocrx_word' id='word_1_409' title='bbox 2933 2114 3048 2155; x_wconf 87' lang='lat' dir='ltr'>con</span> 
     </span>
     <span class='ocr_line' id='line_1_110' title="bbox 2347 2187 2979 2264; baseline 0.006 -20"><span class='ocrx_word' id='word_1_410' title='bbox 2347 2187 2537 2245; x_wconf 90' lang='lat' dir='ltr'>festim</span> <span class='ocrx_word' id='word_1_411' title='bbox 2568 2207 2811 2264; x_wconf 81' lang='lat' dir='ltr'>surgens</span> <span class='ocrx_word' id='word_1_412' title='bbox 2840 2195 2979 2248; x_wconf 69' lang='lat' dir='ltr'>cora</span> 
     </span>
     <span class='ocr_line' id='line_1_111' title="bbox 2347 2282 2999 2360; baseline 0.006 -22"><span class='ocrx_word' id='word_1_413' title='bbox 2347 2282 2455 2341; x_wconf 92' lang='lat' dir='ltr'>illis</span> <span class='ocrx_word' id='word_1_414' title='bbox 2485 2283 2606 2340; x_wconf 86' lang='lat' dir='ltr'>tulit</span> <span class='ocrx_word' id='word_1_415' title='bbox 2635 2284 2693 2340; x_wconf 89' lang='lat' dir='ltr'>in</span> <span class='ocrx_word' id='word_1_416' title='bbox 2724 2301 2843 2360; x_wconf 91' lang='lat' dir='ltr'>quo</span> <span class='ocrx_word' id='word_1_417' title='bbox 2873 2284 2999 2343; x_wconf 86' lang='lat' dir='ltr'>iace</span> 
     </span>
     <span class='ocr_line' id='line_1_112' title="bbox 2344 2377 3048 2437; baseline 0.006 -4"><span class='ocrx_word' id='word_1_418' title='bbox 2344 2377 2444 2434; x_wconf 86' lang='lat' dir='ltr'>bat</span> <span class='ocrx_word' id='word_1_419' title='bbox 2469 2408 2482 2421; x_wconf 94' lang='lat'><strong>·</strong></span> <span class='ocrx_word' id='word_1_420' title='bbox 2544 2388 2603 2436; x_wconf 90' lang='lat' dir='ltr'>et</span> <span class='ocrx_word' id='word_1_421' title='bbox 2626 2378 2764 2435; x_wconf 88' lang='lat' dir='ltr'>abiit</span> <span class='ocrx_word' id='word_1_422' title='bbox 2782 2379 2840 2436; x_wconf 90' lang='lat' dir='ltr'>in</span> <span class='ocrx_word' id='word_1_423' title='bbox 2866 2378 3048 2437; x_wconf 76' lang='lat' dir='ltr'>domt‘t</span> 
     </span>
     <span class='ocr_line' id='line_1_113' title="bbox 2346 2474 3048 2548; baseline 0.006 -19"><span class='ocrx_word' id='word_1_424' title='bbox 2346 2489 2512 2529; x_wconf 92' lang='lat' dir='ltr'>suam</span> <span class='ocrx_word' id='word_1_425' title='bbox 2525 2504 2538 2518; x_wconf 90' lang='lat'><strong>·</strong></span> <span class='ocrx_word' id='word_1_426' title='bbox 2555 2474 2938 2548; x_wconf 86' lang='lat' dir='ltr'>magnificans</span> <span class='ocrx_word' id='word_1_427' title='bbox 2949 2474 3048 2532; x_wconf 73' lang='lat' dir='ltr'>dm</span> 
     </span>
    </p>
   </div>
   <div class='ocr_carea' id='block_1_9' title="bbox 2345 2601 3048 3228">
    <p class='ocr_par' dir='ltr' id='par_1_17' title="bbox 2345 2601 3048 3133">
     <span class='ocr_line' id='line_1_114' title="bbox 2345 2601 3048 2681; baseline 0.001 -19"><span class='ocrx_word' id='word_1_428' title='bbox 2345 2601 2388 2636; x_wconf 52' lang='grc' dir='ltr'>’ὅ</span> <span class='ocrx_word' id='word_1_429' title='bbox 2407 2613 2466 2662; x_wconf 89' lang='lat' dir='ltr'>et</span> <span class='ocrx_word' id='word_1_430' title='bbox 2490 2614 2691 2680; x_wconf 90' lang='lat' dir='ltr'>stupor</span> <span class='ocrx_word' id='word_1_431' title='bbox 2713 2605 3048 2681; x_wconf 89' lang='lat' dir='ltr'>adpraehen</span> 
     </span>
     <span class='ocr_line' id='line_1_115' title="bbox 2348 2697 2918 2776; baseline 0.002 -20"><span class='ocrx_word' id='word_1_432' title='bbox 2348 2697 2429 2756; x_wconf 93' lang='lat' dir='ltr'>dit</span> <span class='ocrx_word' id='word_1_433' title='bbox 2457 2716 2666 2757; x_wconf 89' lang='lat' dir='ltr'>omnes</span> <span class='ocrx_word' id='word_1_434' title='bbox 2696 2711 2753 2757; x_wconf 89' lang='lat' dir='ltr'>et</span> <span class='ocrx_word' id='word_1_435' title='bbox 2780 2717 2918 2776; x_wconf 88' lang='lat' dir='ltr'>mag</span> 
     </span>
     <span class='ocr_line' id='line_1_116' title="bbox 2346 2791 2958 2853; baseline 0.007 -4"><span class='ocrx_word' id='word_1_436' title='bbox 2346 2791 2659 2851; x_wconf 86' lang='lat' dir='ltr'>nificabant</span> <span class='ocrx_word' id='word_1_437' title='bbox 2689 2792 2787 2850; x_wconf 74' lang='lat' dir='ltr'>dm</span> <span class='ocrx_word' id='word_1_438' title='bbox 2812 2824 2826 2839; x_wconf 90' lang='lat'><strong>·</strong></span> <span class='ocrx_word' id='word_1_439' title='bbox 2900 2804 2958 2853; x_wconf 90' lang='lat' dir='ltr'>et</span> 
     </span>
     <span class='ocr_line' id='line_1_117' title="bbox 2346 2886 2884 2962; baseline 0.004 -18"><span class='ocrx_word' id='word_1_440' title='bbox 2346 2886 2549 2962; x_wconf 87' lang='lat' dir='ltr'>repleti</span> <span class='ocrx_word' id='word_1_441' title='bbox 2580 2896 2712 2944; x_wconf 90' lang='lat' dir='ltr'>sunt</span> <span class='ocrx_word' id='word_1_442' title='bbox 2743 2887 2884 2946; x_wconf 91' lang='lat' dir='ltr'>timo</span> 
     </span>
     <span class='ocr_line' id='line_1_118' title="bbox 2349 2980 2932 3057; baseline 0.005 -21"><span class='ocrx_word' id='word_1_443' title='bbox 2349 2998 2408 3038; x_wconf 92' lang='lat' dir='ltr'>re</span> <span class='ocrx_word' id='word_1_444' title='bbox 2438 2980 2699 3038; x_wconf 89' lang='lat' dir='ltr'>dicentes</span> <span class='ocrx_word' id='word_1_445' title='bbox 2719 3010 2733 3025; x_wconf 89' lang='lat'><strong>·</strong></span> <span class='ocrx_word' id='word_1_446' title='bbox 2794 2982 2932 3057; x_wconf 90' lang='lat' dir='ltr'>quia</span> 
     </span>
     <span class='ocr_line' id='line_1_119' title="bbox 2346 3073 2839 3133; baseline 0.006 -3"><span class='ocrx_word' id='word_1_447' title='bbox 2346 3073 2600 3131; x_wconf 90' lang='lat' dir='ltr'>uidimus</span> <span class='ocrx_word' id='word_1_448' title='bbox 2632 3074 2839 3133; x_wconf 83' lang='lat' dir='ltr'>mirabi</span> 
     </span>
    </p>

    <p class='ocr_par' dir='ltr' id='par_1_18' title="bbox 2427 3168 2971 3228">
     <span class='ocr_line' id='line_1_120' title="bbox 2427 3168 2971 3228; baseline 0.015 -9"><span class='ocrx_word' id='word_1_449' title='bbox 2427 3193 2511 3219; x_wconf 54' lang='grc' dir='ltr'><em>ω</em></span> <span class='ocrx_word' id='word_1_450' title='bbox 2539 3168 2614 3226; x_wconf 89' lang='lat' dir='ltr'>lia</span> <span class='ocrx_word' id='word_1_451' title='bbox 2652 3168 2858 3228; x_wconf 87' lang='lat' dir='ltr'>hodiae</span> <span class='ocrx_word' id='word_1_452' title='bbox 2889 3195 2971 3216; x_wconf 61' lang='lat' dir='ltr'>m</span> 
     </span>
    </p>
   </div>
   <div class='ocr_carea' id='block_1_10' title="bbox 2302 3260 2996 3511">
    <p class='ocr_par' dir='ltr' id='par_1_19' title="bbox 2302 3260 2996 3511">
     <span class='ocr_line' id='line_1_121' title="bbox 2304 3260 2996 3339; baseline 0.006 -21"><span class='ocrx_word' id='word_1_453' title='bbox 2304 3260 2333 3294; x_wconf 80' lang='lat'>¹¹¹</span> <span class='ocrx_word' id='word_1_454' title='bbox 2357 3260 2399 3294; x_wconf 80' lang='lat'>²⁷</span> <span class='ocrx_word' id='word_1_455' title='bbox 2418 3261 2492 3320; x_wconf 84' lang='lat' dir='ltr'>Et</span> <span class='ocrx_word' id='word_1_456' title='bbox 2522 3273 2657 3339; x_wconf 92' lang='lat' dir='ltr'>post</span> <span class='ocrx_word' id='word_1_457' title='bbox 2688 3263 2793 3322; x_wconf 90' lang='lat' dir='ltr'>hec</span> <span class='ocrx_word' id='word_1_458' title='bbox 2824 3265 2960 3323; x_wconf 88' lang='lat' dir='ltr'>exiit</span> <span class='ocrx_word' id='word_1_459' title='bbox 2984 3297 2996 3311; x_wconf 93' lang='lat'><strong>·</strong></span> 
     </span>
     <span class='ocr_line' id='line_1_122' title="bbox 2302 3355 2847 3435; baseline 0.002 -20"><span class='ocrx_word' id='word_1_460' title='bbox 2302 3355 2330 3387; x_wconf 87' lang='grc'>*</span> <span class='ocrx_word' id='word_1_461' title='bbox 2357 3365 2413 3416; x_wconf 93' lang='lat' dir='ltr'>et</span> <span class='ocrx_word' id='word_1_462' title='bbox 2444 3358 2586 3414; x_wconf 90' lang='lat' dir='ltr'>uidit</span> <span class='ocrx_word' id='word_1_463' title='bbox 2614 3357 2847 3435; x_wconf 91' lang='lat' dir='ltr'>puplica</span> 
     </span>
     <span class='ocr_line' id='line_1_123' title="bbox 2302 3449 2913 3511; baseline 0.003 -2"><span class='ocrx_word' id='word_1_464' title='bbox 2302 3449 2331 3482; x_wconf 79' lang='lat'>¹⁸¹</span> <span class='ocrx_word' id='word_1_465' title='bbox 2358 3471 2499 3509; x_wconf 90' lang='lat' dir='ltr'>num</span> <span class='ocrx_word' id='word_1_466' title='bbox 2530 3453 2770 3509; x_wconf 89' lang='lat' dir='ltr'>nomine</span> <span class='ocrx_word' id='word_1_467' title='bbox 2800 3452 2913 3511; x_wconf 87' lang='lat' dir='ltr'>leui</span> 
     </span>
    </p>
   </div>
   <div class='ocr_carea' id='block_1_11' title="bbox 2348 3547 3053 4644">
    <p class='ocr_par' dir='ltr' id='par_1_20' title="bbox 2348 3547 2973 3718">
     <span class='ocr_line' id='line_1_124' title="bbox 2349 3547 2973 3607; baseline 0.006 -4"><span class='ocrx_word' id='word_1_468' title='bbox 2349 3547 2649 3604; x_wconf 85' lang='lat' dir='ltr'>sedentem</span> <span class='ocrx_word' id='word_1_469' title='bbox 2679 3566 2714 3605; x_wconf 93' lang='lat' dir='ltr'>a</span> <span class='ocrx_word' id='word_1_470' title='bbox 2737 3547 2973 3607; x_wconf 76' lang='lat' dir='ltr'>telonefi</span> 
     </span>
     <span class='ocr_line' id='line_1_125' title="bbox 2348 3640 2889 3718; baseline 0.002 -20"><span class='ocrx_word' id='word_1_471' title='bbox 2348 3650 2404 3698; x_wconf 91' lang='lat' dir='ltr'>et</span> <span class='ocrx_word' id='word_1_472' title='bbox 2435 3641 2511 3697; x_wconf 89' lang='lat' dir='ltr'>ait</span> <span class='ocrx_word' id='word_1_473' title='bbox 2541 3640 2618 3697; x_wconf 92' lang='lat' dir='ltr'>illi</span> <span class='ocrx_word' id='word_1_474' title='bbox 2649 3658 2889 3718; x_wconf 88' lang='lat' dir='ltr'>sequere</span> 
     </span>
    </p>

    <p class='ocr_par' dir='ltr' id='par_1_21' title="bbox 2350 3730 3018 3981">
     <span class='ocr_line' id='line_1_126' title="bbox 2350 3730 3018 3794; baseline 0.003 -3"><span class='ocrx_word' id='word_1_475' title='bbox 2350 3753 2442 3792; x_wconf 91' lang='lat' dir='ltr'>me</span> <span class='ocrx_word' id='word_1_476' title='bbox 2468 3765 2482 3780; x_wconf 90' lang='lat'><strong>·</strong></span> <span class='ocrx_word' id='word_1_477' title='bbox 2526 3730 2568 3766; x_wconf 79' lang='lat'>²⁸</span> <span class='ocrx_word' id='word_1_478' title='bbox 2588 3746 2645 3792; x_wconf 92' lang='lat' dir='ltr'>et</span> <span class='ocrx_word' id='word_1_479' title='bbox 2676 3736 2887 3794; x_wconf 88' lang='lat' dir='ltr'>relictis</span> <span class='ocrx_word' id='word_1_480' title='bbox 2917 3753 3018 3794; x_wconf 92' lang='lat' dir='ltr'>om</span> 
     </span>
     <span class='ocr_line' id='line_1_127' title="bbox 2350 3829 2872 3905; baseline 0.002 -19"><span class='ocrx_word' id='word_1_481' title='bbox 2350 3829 2520 3887; x_wconf 91' lang='lat' dir='ltr'>nibus</span> <span class='ocrx_word' id='word_1_482' title='bbox 2550 3847 2872 3905; x_wconf 83' lang='lat' dir='ltr'>exsurgens</span> 
     </span>
     <span class='ocr_line' id='line_1_128' title="bbox 2350 3934 2906 3981; baseline 0.002 0"><span class='ocrx_word' id='word_1_483' title='bbox 2350 3934 2583 3981; x_wconf 86' lang='lat' dir='ltr'>secutus</span> <span class='ocrx_word' id='word_1_484' title='bbox 2611 3935 2701 3981; x_wconf 91' lang='lat' dir='ltr'>est</span> <span class='ocrx_word' id='word_1_485' title='bbox 2730 3942 2865 3981; x_wconf 90' lang='lat' dir='ltr'>eum</span> <span class='ocrx_word' id='word_1_486' title='bbox 2892 3955 2906 3970; x_wconf 91' lang='lat'><strong>·</strong></span> 
     </span>
    </p>

    <p class='ocr_par' dir='ltr' id='par_1_22' title="bbox 2350 4016 3053 4474">
     <span class='ocr_line' id='line_1_129' title="bbox 2350 4016 3053 4078; baseline 0.007 -5"><span class='ocrx_word' id='word_1_487' title='bbox 2350 4016 2392 4050; x_wconf 81' lang='lat'>²⁹</span> <span class='ocrx_word' id='word_1_488' title='bbox 2414 4018 2487 4076; x_wconf 84' lang='lat' dir='ltr'>Et</span> <span class='ocrx_word' id='word_1_489' title='bbox 2505 4018 2637 4076; x_wconf 88' lang='lat' dir='ltr'>fecit</span> <span class='ocrx_word' id='word_1_490' title='bbox 2667 4019 2744 4076; x_wconf 89' lang='lat' dir='ltr'>illi</span> <span class='ocrx_word' id='word_1_491' title='bbox 2773 4019 3053 4078; x_wconf 76' lang='lat' dir='ltr'>conuiuifi</span> 
     </span>
     <span class='ocr_line' id='line_1_130' title="bbox 2352 4112 2868 4188; baseline 0.002 -18"><span class='ocrx_word' id='word_1_492' title='bbox 2352 4131 2636 4188; x_wconf 88' lang='lat' dir='ltr'>magnum</span> <span class='ocrx_word' id='word_1_493' title='bbox 2665 4112 2779 4172; x_wconf 89' lang='lat' dir='ltr'>leui</span> <span class='ocrx_word' id='word_1_494' title='bbox 2810 4115 2868 4171; x_wconf 89' lang='lat' dir='ltr'>in</span> 
     </span>
     <span class='ocr_line' id='line_1_131' title="bbox 2353 4207 2995 4268; baseline 0.003 -3"><span class='ocrx_word' id='word_1_495' title='bbox 2353 4207 2535 4265; x_wconf 90' lang='lat' dir='ltr'>domo</span> <span class='ocrx_word' id='word_1_496' title='bbox 2567 4226 2674 4266; x_wconf 90' lang='lat' dir='ltr'>sua</span> <span class='ocrx_word' id='word_1_497' title='bbox 2697 4239 2710 4253; x_wconf 93' lang='lat'><strong>·</strong></span> <span class='ocrx_word' id='word_1_498' title='bbox 2772 4209 2849 4267; x_wconf 90' lang='lat' dir='ltr'>Et</span> <span class='ocrx_word' id='word_1_499' title='bbox 2872 4218 2995 4268; x_wconf 88' lang='lat' dir='ltr'>erat</span> 
     </span>
     <span class='ocr_line' id='line_1_132' title="bbox 2351 4302 2837 4379; baseline 0.002 -20"><span class='ocrx_word' id='word_1_500' title='bbox 2351 4302 2519 4359; x_wconf 88' lang='lat' dir='ltr'>turba</span> <span class='ocrx_word' id='word_1_501' title='bbox 2547 4303 2726 4360; x_wconf 89' lang='lat' dir='ltr'>multa</span> <span class='ocrx_word' id='word_1_502' title='bbox 2757 4321 2837 4379; x_wconf 92' lang='lat' dir='ltr'>pu</span> 
     </span>
     <span class='ocr_line' id='line_1_133' title="bbox 2353 4396 2847 4474; baseline 0.008 -22"><span class='ocrx_word' id='word_1_503' title='bbox 2353 4396 2717 4471; x_wconf 85' lang='lat' dir='ltr'>plicanorum</span> <span class='ocrx_word' id='word_1_504' title='bbox 2748 4398 2847 4474; x_wconf 91' lang='lat' dir='ltr'>qui</span> 
     </span>
    </p>

    <p class='ocr_par' dir='ltr' id='par_1_23' title="bbox 2353 4489 2938 4644">
     <span class='ocr_line' id='line_1_134' title="bbox 2354 4489 2938 4551; baseline 0.007 -5"><span class='ocrx_word' id='word_1_505' title='bbox 2354 4507 2488 4547; x_wconf 91' lang='lat' dir='ltr'>cum</span> <span class='ocrx_word' id='word_1_506' title='bbox 2519 4489 2629 4548; x_wconf 91' lang='lat' dir='ltr'>illis</span> <span class='ocrx_word' id='word_1_507' title='bbox 2657 4500 2821 4549; x_wconf 90' lang='lat' dir='ltr'>erant</span> <span class='ocrx_word' id='word_1_508' title='bbox 2849 4490 2938 4551; x_wconf 89' lang='lat' dir='ltr'>dis</span> 
     </span>
     <span class='ocr_line' id='line_1_135' title="bbox 2353 4585 2840 4644; baseline 0.004 -1"><span class='ocrx_word' id='word_1_509' title='bbox 2353 4585 2696 4644; x_wconf 85' lang='lat' dir='ltr'>cumbentes</span> <span class='ocrx_word' id='word_1_510' title='bbox 2721 4617 2733 4632; x_wconf 93' lang='lat'><strong>·</strong></span> <span class='ocrx_word' id='word_1_511' title='bbox 2756 4618 2840 4630; x_wconf 94' lang='lat'>—</span> 
     </span>
    </p>
   </div>
   <div class='ocr_carea' id='block_1_12' title="bbox 3526 328 3805 395">
    <p class='ocr_par' dir='ltr' id='par_1_24' title="bbox 3526 328 3805 395">
     <span class='ocr_line' id='line_1_136' title="bbox 3526 328 3805 395; baseline 0.018 -17"><span class='ocrx_word' id='word_1_512' title='bbox 3526 328 3612 393; x_wconf 89' lang='lat' dir='ltr'>[v.</span> <span class='ocrx_word' id='word_1_513' title='bbox 3638 331 3805 395; x_wconf 79' lang='lat'><strong>8—37.</strong></span> 
     </span>
    </p>
   </div>
   <div class='ocr_carea' id='block_1_13' title="bbox 3094 490 3757 2535">
    <p class='ocr_par' dir='ltr' id='par_1_25' title="bbox 3097 490 3664 1045">
     <span class='ocr_line' id='line_1_137' title="bbox 3102 490 3654 554; baseline 0.007 -5"><span class='ocrx_word' id='word_1_514' title='bbox 3102 491 3147 524; x_wconf 79' lang='lat'>⁸⁰</span> <span class='ocrx_word' id='word_1_515' title='bbox 3171 490 3246 550; x_wconf 87' lang='lat' dir='ltr'>Et</span> <span class='ocrx_word' id='word_1_516' title='bbox 3276 511 3654 554; x_wconf 89' lang='lat' dir='ltr'>murmuraue</span> 
     </span>
     <span class='ocr_line' id='line_1_138' title="bbox 3098 588 3622 649; baseline -0.002 0"><span class='ocrx_word' id='word_1_517' title='bbox 3098 601 3235 649; x_wconf 87' lang='lat' dir='ltr'>runt</span> <span class='ocrx_word' id='word_1_518' title='bbox 3257 588 3484 649; x_wconf 82' lang='lat' dir='ltr'>farisaei</span> <span class='ocrx_word' id='word_1_519' title='bbox 3504 619 3518 634; x_wconf 92' lang='lat'><strong>·</strong></span> <span class='ocrx_word' id='word_1_520' title='bbox 3562 597 3622 648; x_wconf 92' lang='lat' dir='ltr'>et</span> 
     </span>
     <span class='ocr_line' id='line_1_139' title="bbox 3100 681 3664 743; baseline -0.004 0"><span class='ocrx_word' id='word_1_521' title='bbox 3100 685 3287 743; x_wconf 90' lang='lat' dir='ltr'>scribe</span> <span class='ocrx_word' id='word_1_522' title='bbox 3318 701 3523 742; x_wconf 88' lang='lat' dir='ltr'>eorum</span> <span class='ocrx_word' id='word_1_523' title='bbox 3545 714 3560 729; x_wconf 93' lang='lat'><strong>·</strong></span> <span class='ocrx_word' id='word_1_524' title='bbox 3603 681 3664 741; x_wconf 92' lang='lat' dir='ltr'>di</span> 
     </span>
     <span class='ocr_line' id='line_1_140' title="bbox 3098 778 3657 854; baseline -0.005 -16"><span class='ocrx_word' id='word_1_525' title='bbox 3098 790 3298 838; x_wconf 89' lang='lat' dir='ltr'>centes</span> <span class='ocrx_word' id='word_1_526' title='bbox 3326 779 3402 838; x_wconf 92' lang='lat' dir='ltr'>ad</span> <span class='ocrx_word' id='word_1_527' title='bbox 3431 778 3657 854; x_wconf 91' lang='lat' dir='ltr'>discipu</span> 
     </span>
     <span class='ocr_line' id='line_1_141' title="bbox 3098 874 3593 950; baseline -0.006 -18"><span class='ocrx_word' id='word_1_528' title='bbox 3098 874 3187 933; x_wconf 90' lang='lat' dir='ltr'>los</span> <span class='ocrx_word' id='word_1_529' title='bbox 3217 875 3341 932; x_wconf 88' lang='lat' dir='ltr'>eius</span> <span class='ocrx_word' id='word_1_530' title='bbox 3412 890 3593 950; x_wconf 84' lang='lat' dir='ltr'>quare</span> 
     </span>
     <span class='ocr_line' id='line_1_142' title="bbox 3097 968 3592 1045; baseline -0.002 -18"><span class='ocrx_word' id='word_1_531' title='bbox 3097 986 3234 1027; x_wconf 90' lang='lat' dir='ltr'>cum</span> <span class='ocrx_word' id='word_1_532' title='bbox 3264 968 3592 1045; x_wconf 88' lang='lat' dir='ltr'>puplicanis</span> 
     </span>
    </p>

    <p class='ocr_par' dir='ltr' id='par_1_26' title="bbox 3098 1063 3676 1214">
     <span class='ocr_line' id='line_1_143' title="bbox 3099 1063 3594 1138; baseline -0.006 -17"><span class='ocrx_word' id='word_1_533' title='bbox 3099 1072 3154 1122; x_wconf 90' lang='lat' dir='ltr'>et</span> <span class='ocrx_word' id='word_1_534' title='bbox 3185 1063 3594 1138; x_wconf 88' lang='lat' dir='ltr'>peccatoribus</span> 
     </span>
     <span class='ocr_line' id='line_1_144' title="bbox 3098 1155 3676 1214; baseline 0 0"><span class='ocrx_word' id='word_1_535' title='bbox 3098 1156 3415 1214; x_wconf 89' lang='lat' dir='ltr'>manducat</span> <span class='ocrx_word' id='word_1_536' title='bbox 3443 1165 3502 1213; x_wconf 89' lang='lat' dir='ltr'>et</span> <span class='ocrx_word' id='word_1_537' title='bbox 3522 1155 3676 1214; x_wconf 67' lang='lat' dir='ltr'>bibet</span> 
     </span>
    </p>

    <p class='ocr_par' dir='ltr' id='par_1_27' title="bbox 3094 1248 3757 1780">
     <span class='ocr_line' id='line_1_145' title="bbox 3096 1248 3750 1326; baseline 0.002 -18"><span class='ocrx_word' id='word_1_538' title='bbox 3096 1248 3137 1282; x_wconf 78' lang='lat'>³¹</span> <span class='ocrx_word' id='word_1_539' title='bbox 3159 1250 3235 1308; x_wconf 89' lang='lat' dir='ltr'>Et</span> <span class='ocrx_word' id='word_1_540' title='bbox 3264 1250 3630 1326; x_wconf 86' lang='lat' dir='ltr'>respondens</span> <span class='ocrx_word' id='word_1_541' title='bbox 3658 1250 3750 1309; x_wconf 79' lang='lat' dir='ltr'>ihs</span> 
     </span>
     <span class='ocr_line' id='line_1_146' title="bbox 3097 1344 3717 1404; baseline -0.005 0"><span class='ocrx_word' id='word_1_542' title='bbox 3097 1346 3239 1404; x_wconf 81' lang='lat' dir='ltr'>dixit</span> <span class='ocrx_word' id='word_1_543' title='bbox 3266 1345 3340 1404; x_wconf 89' lang='lat' dir='ltr'>ad</span> <span class='ocrx_word' id='word_1_544' title='bbox 3369 1344 3496 1404; x_wconf 86' lang='lat' dir='ltr'>illos</span> <span class='ocrx_word' id='word_1_545' title='bbox 3515 1374 3530 1391; x_wconf 90' lang='lat'><strong>·</strong></span> <span class='ocrx_word' id='word_1_546' title='bbox 3592 1362 3717 1403; x_wconf 88' lang='lat' dir='ltr'>non</span> 
     </span>
     <span class='ocr_line' id='line_1_147' title="bbox 3096 1439 3670 1517; baseline -0.003 -18"><span class='ocrx_word' id='word_1_547' title='bbox 3096 1450 3272 1517; x_wconf 86' lang='lat' dir='ltr'>egent</span> <span class='ocrx_word' id='word_1_548' title='bbox 3300 1439 3398 1516; x_wconf 93' lang='lat' dir='ltr'>qui</span> <span class='ocrx_word' id='word_1_549' title='bbox 3427 1449 3670 1497; x_wconf 90' lang='lat' dir='ltr'>sansunt</span> 
     </span>
     <span class='ocr_line' id='line_1_148' title="bbox 3095 1533 3587 1611; baseline 0 -20"><span class='ocrx_word' id='word_1_550' title='bbox 3095 1534 3326 1591; x_wconf 90' lang='lat' dir='ltr'>medico</span> <span class='ocrx_word' id='word_1_551' title='bbox 3356 1533 3460 1592; x_wconf 90' lang='lat' dir='ltr'>sed</span> <span class='ocrx_word' id='word_1_552' title='bbox 3488 1534 3587 1611; x_wconf 91' lang='lat' dir='ltr'>qui</span> 
     </span>
     <span class='ocr_line' id='line_1_149' title="bbox 3094 1623 3757 1686; baseline 0 0"><span class='ocrx_word' id='word_1_553' title='bbox 3094 1628 3248 1686; x_wconf 89' lang='lat' dir='ltr'>male</span> <span class='ocrx_word' id='word_1_554' title='bbox 3276 1627 3491 1686; x_wconf 89' lang='lat' dir='ltr'>habent</span> <span class='ocrx_word' id='word_1_555' title='bbox 3514 1658 3529 1673; x_wconf 93' lang='lat'><strong>·</strong></span> <span class='ocrx_word' id='word_1_556' title='bbox 3571 1623 3617 1660; x_wconf 79' lang='lat'>⁸⁸</span> <span class='ocrx_word' id='word_1_557' title='bbox 3634 1645 3757 1686; x_wconf 90' lang='lat' dir='ltr'>non</span> 
     </span>
     <span class='ocr_line' id='line_1_150' title="bbox 3094 1722 3593 1780; baseline 0.002 -1"><span class='ocrx_word' id='word_1_558' title='bbox 3094 1722 3231 1779; x_wconf 87' lang='lat' dir='ltr'>ueni</span> <span class='ocrx_word' id='word_1_559' title='bbox 3261 1740 3474 1780; x_wconf 88' lang='lat' dir='ltr'>uocare</span> <span class='ocrx_word' id='word_1_560' title='bbox 3503 1722 3593 1780; x_wconf 87' lang='lat' dir='ltr'>ius</span> 
     </span>
    </p>

    <p class='ocr_par' dir='ltr' id='par_1_28' title="bbox 3097 1816 3752 2364">
     <span class='ocr_line' id='line_1_151' title="bbox 3097 1816 3629 1892; baseline 0.002 -18"><span class='ocrx_word' id='word_1_561' title='bbox 3097 1827 3190 1875; x_wconf 89' lang='lat' dir='ltr'>tos</span> <span class='ocrx_word' id='word_1_562' title='bbox 3249 1816 3353 1875; x_wconf 90' lang='lat' dir='ltr'>sed</span> <span class='ocrx_word' id='word_1_563' title='bbox 3383 1825 3629 1892; x_wconf 90' lang='lat' dir='ltr'>peccato</span> 
     </span>
     <span class='ocr_line' id='line_1_152' title="bbox 3098 1910 3663 1986; baseline -0.002 -18"><span class='ocrx_word' id='word_1_564' title='bbox 3098 1929 3192 1970; x_wconf 91' lang='lat' dir='ltr'>res</span> <span class='ocrx_word' id='word_1_565' title='bbox 3214 1910 3273 1968; x_wconf 89' lang='lat' dir='ltr'>in</span> <span class='ocrx_word' id='word_1_566' title='bbox 3294 1910 3663 1986; x_wconf 64' lang='lat' dir='ltr'>penitentia·-</span> 
     </span>
     <span class='ocr_line' id='line_1_153' title="bbox 3099 2002 3752 2063; baseline 0 -2"><span class='ocrx_word' id='word_1_567' title='bbox 3099 2004 3239 2062; x_wconf 70' lang='lat' dir='ltr'>”At</span> <span class='ocrx_word' id='word_1_568' title='bbox 3267 2004 3344 2062; x_wconf 90' lang='lat' dir='ltr'>illi</span> <span class='ocrx_word' id='word_1_569' title='bbox 3376 2005 3645 2062; x_wconf 82' lang='lat' dir='ltr'>dixerunt</span> <span class='ocrx_word' id='word_1_570' title='bbox 3674 2002 3752 2063; x_wconf 91' lang='lat' dir='ltr'>ad</span> 
     </span>
     <span class='ocr_line' id='line_1_154' title="bbox 3100 2098 3638 2175; baseline 0.002 -19"><span class='ocrx_word' id='word_1_571' title='bbox 3100 2117 3234 2157; x_wconf 89' lang='lat' dir='ltr'>eum</span> <span class='ocrx_word' id='word_1_572' title='bbox 3259 2129 3274 2145; x_wconf 90' lang='lat'><strong>·</strong></span> <span class='ocrx_word' id='word_1_573' title='bbox 3340 2117 3519 2175; x_wconf 89' lang='lat' dir='ltr'>quare</span> <span class='ocrx_word' id='word_1_574' title='bbox 3547 2098 3638 2157; x_wconf 87' lang='lat' dir='ltr'>dis</span> 
     </span>
     <span class='ocr_line' id='line_1_155' title="bbox 3101 2193 3579 2269; baseline 0.002 -19"><span class='ocrx_word' id='word_1_575' title='bbox 3101 2193 3276 2269; x_wconf 89' lang='lat' dir='ltr'>cipuli</span> <span class='ocrx_word' id='word_1_576' title='bbox 3305 2193 3579 2251; x_wconf 89' lang='lat' dir='ltr'>iohannis</span> 
     </span>
     <span class='ocr_line' id='line_1_156' title="bbox 3100 2285 3622 2364; baseline 0.004 -21"><span class='ocrx_word' id='word_1_577' title='bbox 3100 2287 3356 2344; x_wconf 89' lang='lat' dir='ltr'>ieiunant</span> <span class='ocrx_word' id='word_1_578' title='bbox 3386 2285 3622 2364; x_wconf 62' lang='lat' dir='ltr'>frequssn</span> 
     </span>
    </p>

    <p class='ocr_par' dir='ltr' id='par_1_29' title="bbox 3099 2380 3617 2440">
     <span class='ocr_line' id='line_1_157' title="bbox 3099 2380 3617 2440; baseline 0.004 -3"><span class='ocrx_word' id='word_1_579' title='bbox 3099 2391 3185 2438; x_wconf 94' lang='lat' dir='ltr'>ter</span> <span class='ocrx_word' id='word_1_580' title='bbox 3221 2390 3277 2438; x_wconf 91' lang='lat' dir='ltr'>et</span> <span class='ocrx_word' id='word_1_581' title='bbox 3306 2380 3617 2440; x_wconf 74' lang='lat' dir='ltr'>farisaeorfi</span> 
     </span>
    </p>

    <p class='ocr_par' dir='ltr' id='par_1_30' title="bbox 3100 2477 3624 2535">
     <span class='ocr_line' id='line_1_158' title="bbox 3100 2477 3624 2535; baseline 0.002 -1"><span class='ocrx_word' id='word_1_582' title='bbox 3100 2485 3157 2535; x_wconf 89' lang='lat' dir='ltr'>et</span> <span class='ocrx_word' id='word_1_583' title='bbox 3186 2477 3624 2535; x_wconf 88' lang='lat' dir='ltr'>obsecrationes</span> 
     </span>
    </p>
   </div>
   <div class='ocr_carea' id='block_1_14' title="bbox 3098 2606 3778 4650">
    <p class='ocr_par' dir='ltr' id='par_1_31' title="bbox 3099 2606 3670 2763">
     <span class='ocr_line' id='line_1_159' title="bbox 3100 2606 3670 2667; baseline 0.004 -2"><span class='ocrx_word' id='word_1_584' title='bbox 3100 2606 3322 2666; x_wconf 86' lang='lat' dir='ltr'>faciunt</span> <span class='ocrx_word' id='word_1_585' title='bbox 3345 2638 3359 2653; x_wconf 92' lang='lat'><strong>·</strong></span> <span class='ocrx_word' id='word_1_586' title='bbox 3424 2608 3507 2666; x_wconf 91' lang='lat' dir='ltr'>tui</span> <span class='ocrx_word' id='word_1_587' title='bbox 3536 2613 3670 2667; x_wconf 64' lang='lat' dir='ltr'>aute</span> 
     </span>
     <span class='ocr_line' id='line_1_160' title="bbox 3099 2701 3670 2763; baseline 0.005 -3"><span class='ocrx_word' id='word_1_588' title='bbox 3099 2701 3316 2760; x_wconf 89' lang='lat' dir='ltr'>aedunt</span> <span class='ocrx_word' id='word_1_589' title='bbox 3344 2713 3401 2760; x_wconf 90' lang='lat' dir='ltr'>et</span> <span class='ocrx_word' id='word_1_590' title='bbox 3429 2702 3638 2763; x_wconf 89' lang='lat' dir='ltr'>bibunt</span> <span class='ocrx_word' id='word_1_591' title='bbox 3655 2734 3670 2749; x_wconf 93' lang='lat'><strong>·</strong></span> 
     </span>
    </p>

    <p class='ocr_par' dir='ltr' id='par_1_32' title="bbox 3098 2796 3778 3986">
     <span class='ocr_line' id='line_1_161' title="bbox 3098 2796 3666 2873; baseline 0.005 -20"><span class='ocrx_word' id='word_1_592' title='bbox 3098 2796 3141 2828; x_wconf 81' lang='lat'>³⁴</span> <span class='ocrx_word' id='word_1_593' title='bbox 3161 2797 3369 2873; x_wconf 89' lang='lat' dir='ltr'>quibus</span> <span class='ocrx_word' id='word_1_594' title='bbox 3398 2798 3523 2873; x_wconf 90' lang='lat' dir='ltr'>ipse</span> <span class='ocrx_word' id='word_1_595' title='bbox 3554 2798 3632 2856; x_wconf 92' lang='lat' dir='ltr'>ait</span> <span class='ocrx_word' id='word_1_596' title='bbox 3652 2828 3666 2843; x_wconf 91' lang='lat'><strong>·</strong></span> 
     </span>
     <span class='ocr_line' id='line_1_162' title="bbox 3100 2891 3697 2968; baseline 0.007 -22"><span class='ocrx_word' id='word_1_597' title='bbox 3100 2891 3385 2968; x_wconf 86' lang='lat' dir='ltr'>numquid</span> <span class='ocrx_word' id='word_1_598' title='bbox 3415 2892 3658 2967; x_wconf 88' lang='lat' dir='ltr'>potestis</span> <span class='ocrx_word' id='word_1_599' title='bbox 3682 2922 3697 2938; x_wconf 90' lang='lat'><strong>·</strong></span> 
     </span>
     <span class='ocr_line' id='line_1_163' title="bbox 3103 2984 3650 3060; baseline 0.005 -19"><span class='ocrx_word' id='word_1_600' title='bbox 3103 2984 3249 3043; x_wconf 89' lang='lat' dir='ltr'>filios</span> <span class='ocrx_word' id='word_1_601' title='bbox 3280 2985 3480 3060; x_wconf 89' lang='lat' dir='ltr'>sponsi</span> <span class='ocrx_word' id='word_1_602' title='bbox 3510 2985 3650 3044; x_wconf 89' lang='lat' dir='ltr'>dum</span> 
     </span>
     <span class='ocr_line' id='line_1_164' title="bbox 3103 3078 3774 3156; baseline 0.003 -19"><span class='ocrx_word' id='word_1_603' title='bbox 3103 3097 3238 3137; x_wconf 90' lang='lat' dir='ltr'>cum</span> <span class='ocrx_word' id='word_1_604' title='bbox 3268 3078 3373 3137; x_wconf 91' lang='lat' dir='ltr'>illis</span> <span class='ocrx_word' id='word_1_605' title='bbox 3402 3088 3489 3137; x_wconf 89' lang='lat' dir='ltr'>est</span> <span class='ocrx_word' id='word_1_606' title='bbox 3518 3096 3774 3156; x_wconf 85' lang='lat' dir='ltr'>sponsus</span> 
     </span>
     <span class='ocr_line' id='line_1_165' title="bbox 3103 3172 3724 3232; baseline 0.003 -2"><span class='ocrx_word' id='word_1_607' title='bbox 3103 3172 3290 3232; x_wconf 87' lang='lat' dir='ltr'>facere</span> <span class='ocrx_word' id='word_1_608' title='bbox 3320 3175 3571 3232; x_wconf 86' lang='lat' dir='ltr'>ieiunare</span> <span class='ocrx_word' id='word_1_609' title='bbox 3596 3205 3609 3219; x_wconf 94' lang='lat'><strong>·</strong></span> <span class='ocrx_word' id='word_1_610' title='bbox 3640 3206 3724 3217; x_wconf 89' lang='lat'>—</span> 
     </span>
     <span class='ocr_line' id='line_1_166' title="bbox 3103 3268 3766 3328; baseline 0.002 -2"><span class='ocrx_word' id='word_1_611' title='bbox 3103 3269 3147 3299; x_wconf 71' lang='lat'>³⁶</span> <span class='ocrx_word' id='word_1_612' title='bbox 3165 3268 3397 3326; x_wconf 90' lang='lat' dir='ltr'>uenient</span> <span class='ocrx_word' id='word_1_613' title='bbox 3427 3278 3619 3327; x_wconf 89' lang='lat' dir='ltr'>autem</span> <span class='ocrx_word' id='word_1_614' title='bbox 3643 3268 3766 3328; x_wconf 87' lang='lat' dir='ltr'>dies</span> 
     </span>
     <span class='ocr_line' id='line_1_167' title="bbox 3106 3362 3758 3422; baseline 0.005 -3"><span class='ocrx_word' id='word_1_615' title='bbox 3106 3380 3240 3420; x_wconf 93' lang='lat' dir='ltr'>cum</span> <span class='ocrx_word' id='word_1_616' title='bbox 3271 3362 3543 3421; x_wconf 75' lang='lat' dir='ltr'>auferetur</span> <span class='ocrx_word' id='word_1_617' title='bbox 3571 3364 3647 3421; x_wconf 92' lang='lat' dir='ltr'>ab</span> <span class='ocrx_word' id='word_1_618' title='bbox 3675 3362 3758 3422; x_wconf 87' lang='lat' dir='ltr'>eis</span> 
     </span>
     <span class='ocr_line' id='line_1_168' title="bbox 3107 3467 3683 3532; baseline 0.003 -18"><span class='ocrx_word' id='word_1_619' title='bbox 3107 3474 3360 3532; x_wconf 89' lang='lat' dir='ltr'>sponsus</span> <span class='ocrx_word' id='word_1_620' title='bbox 3381 3488 3394 3502; x_wconf 94' lang='lat'><strong>·</strong></span> <span class='ocrx_word' id='word_1_621' title='bbox 3458 3467 3515 3516; x_wconf 90' lang='lat' dir='ltr'>et</span> <span class='ocrx_word' id='word_1_622' title='bbox 3544 3469 3683 3516; x_wconf 89' lang='lat' dir='ltr'>tunc</span> 
     </span>
     <span class='ocr_line' id='line_1_169' title="bbox 3106 3551 3661 3610; baseline 0.002 -3"><span class='ocrx_word' id='word_1_623' title='bbox 3106 3551 3438 3609; x_wconf 86' lang='lat' dir='ltr'>ieiunabunt</span> <span class='ocrx_word' id='word_1_624' title='bbox 3467 3552 3527 3610; x_wconf 90' lang='lat' dir='ltr'>in</span> <span class='ocrx_word' id='word_1_625' title='bbox 3555 3551 3661 3609; x_wconf 89' lang='lat' dir='ltr'>illis</span> 
     </span>
     <span class='ocr_line' id='line_1_170' title="bbox 3105 3644 3720 3705; baseline 0.005 -3"><span class='ocrx_word' id='word_1_626' title='bbox 3105 3645 3310 3702; x_wconf 90' lang='lat' dir='ltr'>diebus</span> <span class='ocrx_word' id='word_1_627' title='bbox 3330 3676 3343 3690; x_wconf 92' lang='lat'><strong>·</strong></span> <span class='ocrx_word' id='word_1_628' title='bbox 3389 3644 3433 3677; x_wconf 80' lang='lat'>⁸⁶</span> <span class='ocrx_word' id='word_1_629' title='bbox 3451 3645 3614 3704; x_wconf 82' lang='lat' dir='ltr'>Dixit</span> <span class='ocrx_word' id='word_1_630' title='bbox 3643 3663 3720 3705; x_wconf 92' lang='lat' dir='ltr'>au</span> 
     </span>
     <span class='ocr_line' id='line_1_171' title="bbox 3102 3740 3701 3799; baseline 0.003 -3"><span class='ocrx_word' id='word_1_631' title='bbox 3102 3748 3220 3797; x_wconf 88' lang='lat' dir='ltr'>tem</span> <span class='ocrx_word' id='word_1_632' title='bbox 3249 3749 3305 3796; x_wconf 89' lang='lat' dir='ltr'>et</span> <span class='ocrx_word' id='word_1_633' title='bbox 3334 3740 3701 3799; x_wconf 75' lang='lat' dir='ltr'>similitudine</span> 
     </span>
     <span class='ocr_line' id='line_1_172' title="bbox 3102 3832 3778 3910; baseline 0.004 -20"><span class='ocrx_word' id='word_1_634' title='bbox 3102 3832 3176 3890; x_wconf 89' lang='lat' dir='ltr'>ad</span> <span class='ocrx_word' id='word_1_635' title='bbox 3205 3833 3331 3893; x_wconf 90' lang='lat' dir='ltr'>illos</span> <span class='ocrx_word' id='word_1_636' title='bbox 3351 3865 3364 3878; x_wconf 93' lang='lat'><strong>·</strong></span> <span class='ocrx_word' id='word_1_637' title='bbox 3437 3835 3573 3910; x_wconf 88' lang='lat' dir='ltr'>quia</span> <span class='ocrx_word' id='word_1_638' title='bbox 3601 3851 3778 3894; x_wconf 91' lang='lat' dir='ltr'>nemo</span> 
     </span>
     <span class='ocr_line' id='line_1_173' title="bbox 3102 3928 3547 3986; baseline 0.002 -1"><span class='ocrx_word' id='word_1_639' title='bbox 3102 3928 3547 3986; x_wconf 87' lang='lat' dir='ltr'>commissuram</span> 
     </span>
    </p>

    <p class='ocr_par' dir='ltr' id='par_1_33' title="bbox 3102 4023 3767 4555">
     <span class='ocr_line' id='line_1_174' title="bbox 3102 4023 3735 4084; baseline 0.008 -5"><span class='ocrx_word' id='word_1_640' title='bbox 3102 4040 3136 4080; x_wconf 90' lang='lat' dir='ltr'>a</span> <span class='ocrx_word' id='word_1_641' title='bbox 3165 4023 3509 4081; x_wconf 86' lang='lat' dir='ltr'>uestimento</span> <span class='ocrx_word' id='word_1_642' title='bbox 3540 4041 3698 4084; x_wconf 92' lang='lat' dir='ltr'>nouo</span> <span class='ocrx_word' id='word_1_643' title='bbox 3722 4054 3735 4068; x_wconf 95' lang='lat'><strong>·</strong></span> 
     </span>
     <span class='ocr_line' id='line_1_175' title="bbox 3103 4116 3590 4176; baseline 0.002 -2"><span class='ocrx_word' id='word_1_644' title='bbox 3103 4116 3336 4174; x_wconf 88' lang='lat' dir='ltr'>inmittit</span> <span class='ocrx_word' id='word_1_645' title='bbox 3363 4117 3422 4174; x_wconf 91' lang='lat' dir='ltr'>in</span> <span class='ocrx_word' id='word_1_646' title='bbox 3445 4118 3590 4176; x_wconf 80' lang='lat' dir='ltr'>uesti</span> 
     </span>
     <span class='ocr_line' id='line_1_176' title="bbox 3104 4211 3726 4272; baseline 0.006 -4"><span class='ocrx_word' id='word_1_647' title='bbox 3104 4222 3368 4268; x_wconf 89' lang='lat' dir='ltr'>mentum</span> <span class='ocrx_word' id='word_1_648' title='bbox 3397 4222 3564 4270; x_wconf 92' lang='lat' dir='ltr'>uetus</span> <span class='ocrx_word' id='word_1_649' title='bbox 3584 4243 3597 4259; x_wconf 92' lang='lat'><strong>·</strong></span> <span class='ocrx_word' id='word_1_650' title='bbox 3652 4211 3726 4272; x_wconf 89' lang='lat' dir='ltr'>ali</span> 
     </span>
     <span class='ocr_line' id='line_1_177' title="bbox 3106 4306 3724 4382; baseline 0.006 -20"><span class='ocrx_word' id='word_1_651' title='bbox 3106 4306 3287 4382; x_wconf 90' lang='lat' dir='ltr'>oquin</span> <span class='ocrx_word' id='word_1_652' title='bbox 3318 4313 3375 4364; x_wconf 91' lang='lat' dir='ltr'>et</span> <span class='ocrx_word' id='word_1_653' title='bbox 3405 4324 3627 4365; x_wconf 89' lang='lat' dir='ltr'>nouum</span> <span class='ocrx_word' id='word_1_654' title='bbox 3658 4313 3724 4366; x_wconf 78' lang='lat' dir='ltr'>rii</span> 
     </span>
     <span class='ocr_line' id='line_1_178' title="bbox 3107 4399 3767 4476; baseline 0.005 -19"><span class='ocrx_word' id='word_1_655' title='bbox 3107 4399 3190 4476; x_wconf 90' lang='lat' dir='ltr'>pit</span> <span class='ocrx_word' id='word_1_656' title='bbox 3218 4410 3274 4459; x_wconf 91' lang='lat' dir='ltr'>et</span> <span class='ocrx_word' id='word_1_657' title='bbox 3293 4401 3472 4458; x_wconf 91' lang='lat' dir='ltr'>ueteri</span> <span class='ocrx_word' id='word_1_658' title='bbox 3503 4419 3624 4460; x_wconf 90' lang='lat' dir='ltr'>non</span> <span class='ocrx_word' id='word_1_659' title='bbox 3653 4420 3767 4462; x_wconf 89' lang='lat' dir='ltr'>con</span> 
     </span>
     <span class='ocr_line' id='line_1_179' title="bbox 3107 4494 3676 4555; baseline 0.007 -4"><span class='ocrx_word' id='word_1_660' title='bbox 3107 4494 3265 4553; x_wconf 90' lang='lat' dir='ltr'>uenit</span> <span class='ocrx_word' id='word_1_661' title='bbox 3294 4496 3676 4555; x_wconf 88' lang='lat' dir='ltr'>commissura</span> 
     </span>
    </p>

    <p class='ocr_par' dir='ltr' id='par_1_34' title="bbox 3109 4587 3760 4650">
     <span class='ocr_line' id='line_1_180' title="bbox 3109 4587 3760 4650; baseline 0.006 -4"><span class='ocrx_word' id='word_1_662' title='bbox 3109 4606 3143 4646; x_wconf 92' lang='lat' dir='ltr'>a</span> <span class='ocrx_word' id='word_1_663' title='bbox 3178 4606 3336 4648; x_wconf 90' lang='lat' dir='ltr'>nouo</span> <span class='ocrx_word' id='word_1_664' title='bbox 3357 4620 3370 4635; x_wconf 92' lang='lat'><strong>·</strong></span> <span class='ocrx_word' id='word_1_665' title='bbox 3414 4587 3459 4620; x_wconf 81' lang='lat'>³⁷</span> <span class='ocrx_word' id='word_1_666' title='bbox 3477 4589 3555 4647; x_wconf 92' lang='lat' dir='ltr'>Et</span> <span class='ocrx_word' id='word_1_667' title='bbox 3582 4607 3760 4650; x_wconf 89' lang='lat' dir='ltr'>nemo</span> 
     </span>
    </p>
   </div>
   <div class='ocr_carea' id='block_1_15' title="bbox 3827 501 4076 551">
    <p class='ocr_par' dir='ltr' id='par_1_35' title="bbox 3827 501 4076 551">
     <span class='ocr_line' id='line_1_181' title="bbox 3827 501 4076 551; baseline -0.012 0"><span class='ocrx_word' id='word_1_668' title='bbox 3827 502 3952 551; x_wconf 76' lang='lat'><strong>1⁸01.</strong></span> <span class='ocrx_word' id='word_1_669' title='bbox 3977 501 4076 550; x_wconf 74' lang='lat'>08.</span> 
     </span>
    </p>
   </div>
  </div>
 </body>
</html>
