4414 4917
485 526 611 576 rol.
633 529 761 577 198.
787 518 1032 576 iuuenes
1057 546 1072 563 ·

797 360 926 434 ¹34

1157 514 1203 549 ⁸²
1219 513 1298 575 At
1326 513 1423 573 ille

784 612 988 671 relicto
1019 608 1267 670 sindone

784 705 1040 783 profugit
1068 706 1144 763 ab
1173 704 1258 763 eis

783 801 979 859 nudus
1004 830 1020 846 ·
1103 798 1146 831 ⁶⁸
1166 799 1245 857 Et
1272 797 1349 856 ad

782 893 1070 953 duxerunt
1097 893 1219 952 ihm

780 986 855 1047 ad
884 988 1208 1064 principem
1239 1004 1307 1045 sa

779 1082 1085 1142 cerdotum
1105 1112 1118 1127 ·
1203 1080 1280 1138 Et

778 1184 1179 1236 conuenerunt

779 1287 990 1330 omnes
1019 1267 1262 1328 sacerdo

778 1374 868 1423 tes
936 1374 994 1422 et
1023 1362 1246 1422 scribae

779 1468 840 1517 et
866 1457 1124 1516 seniores
1206 1454 1252 1488 ⁸⁴
1273 1455 1352 1514 Et

778 1562 976 1629 petrus
1004 1569 1040 1610 a
1068 1550 1246 1626 longe

778 1646 1129 1722 sequebatur
1162 1649 1237 1703 eii

778 1758 966 1817 usque
990 1739 1145 1797 intus
1173 1738 1236 1795 in

777 1834 985 1893 atrium
1014 1831 1197 1909 princi

776 1928 869 2003 pis
898 1926 1252 1986 sacerdotu-

776 2020 855 2079 Et
882 2030 1004 2079 erat
1032 2019 1243 2079 sedens
1272 2017 1322 2076 si

775 2115 897 2172 mul
927 2132 1064 2173 cum
1093 2113 1267 2171 minis

776 2210 878 2268 tris
906 2207 1257 2268 calefaciens

776 2359 838 2401 se
868 2340 941 2399 ad
971 2341 1167 2416 ignem
1191 2370 1205 2385 ·
1267 2338 1312 2369 ⁶⁸
1329 2337 1459 2414 prin

776 2435 935 2512 cipes
969 2443 1166 2493 autem
1197 2450 1362 2492 sacer

2175 341 2425 405 SEC··

1539 512 1828 574 dicentem
1893 514 2029 592 Ego

1539 608 1769 667 soluam
1799 608 1916 668 hoc
1946 619 2063 667 tem

1536 701 1702 777 plum
1729 721 1909 762 manu
1939 701 2092 761 sactii

1535 794 1613 854 Et
1644 806 1778 872 post
1806 796 2061 855 triduum

1535 890 1694 949 aliud
1721 891 2043 949 aedificabo

1535 1002 1660 1043 non
1688 985 1961 1044 manibus
1988 983 2080 1044 fac

1534 1089 1686 1137 tum·
1708 1111 1721 1125 ·
1747 1078 1876 1137 ⁶⁹Et
1897 1097 2006 1137 nec
2031 1079 2106 1137 sio
2124 1088 2238 1138 er⁸t

1534 1174 1900 1232 conueniens
1926 1173 2059 1231 testi

1533 1268 1802 1325 monium
1830 1267 2060 1326 illorum
2083 1297 2098 1313 ·

1531 1359 1669 1420 ⁶⁰Et
1697 1379 2014 1438 exsurgens
2043 1361 2175 1438 prin

1533 1473 1673 1531 ceps
1703 1455 2074 1514 sacerdotum

1533 1548 1594 1606 in
1624 1549 1883 1609 medium
1910 1550 2124 1609 interro

1531 1644 1708 1719 gabat
1736 1643 1856 1702 ihm
1886 1644 2087 1704 dicens

1533 1754 1656 1794 non
1686 1737 1994 1813 respondis
2023 1735 2098 1795 ad

1530 1847 1601 1888 ea
1630 1848 1782 1907 quae
1812 1832 1914 1890 tibi
1944 1832 2183 1890 obiciun

1529 1933 1624 1982 tur
1651 1926 1725 1983 ab
1754 1924 1845 1983 his
1871 1956 1885 1971 ·

1534 2027 1651 2076 tem
1690 2028 1890 2078 tacens
1919 2018 2060 2078 nihil

1531 2113 1833 2188 respondit
1899 2124 1957 2172 et
1986 2114 2123 2173 dicit

1530 2208 1585 2264 ei
1614 2207 1885 2284 princeps
1915 2225 2079 2267 sacer

1530 2337 1736 2396 dotum
1759 2369 1774 2384 ·
1860 2348 1922 2396 tu
1951 2356 2016 2398 es
2044 2344 2156 2415 xps

1530 2431 1681 2491 filius
1709 2431 1997 2492 benedicti
2017 2464 2031 2479 ·

1968 1925 2011 1958 ⁸¹
2031 1925 2125 1985 ille
2154 1944 2229 1983 au

2352 532 2517 573 reum
2545 532 2674 574 esse
2703 515 2906 574 mortis
2931 545 2945 560 ·

2348 607 2393 640 ⁸³
2411 607 2486 665 Et
2515 618 2833 685 coeperunt
2860 607 2963 685 qui

2348 702 2485 761 dam
2514 721 2836 779 conspuere

2346 814 2485 855 eum
2513 807 2571 855 et
2599 797 2823 873 operire

2345 888 2557 949 faciem
2585 892 2713 950 eius
2781 901 2839 950 et
2869 908 2945 950 co

2343 984 2533 1061 laphis
2560 1003 2737 1062 agere

2343 1096 2481 1137 eum
2501 1110 2516 1125 ·
2600 1080 2677 1137 Et
2705 1079 2895 1138 dicere
2924 1079 2980 1138 ei

2342 1172 2624 1249 profetiza
2643 1204 2658 1220 ·
2741 1172 2819 1231 Et
2849 1174 2930 1232 mi

2341 1267 2501 1326 nistri
2528 1285 2663 1325 cum
2692 1267 2833 1349 uoli‘r

2340 1370 2455 1419 tate
2486 1360 2664 1437 alapis
2694 1361 2838 1421 cede

2339 1455 2481 1513 bant
2508 1473 2647 1513 eum
2669 1485 2683 1500 ·

2338 1559 2496 1607 esset
2524 1558 2722 1625 petrus
2753 1550 2813 1607 in
2842 1568 2878 1608 a

2338 1642 2446 1701 trio
2476 1643 2634 1701 uenit
2662 1643 2736 1701 ad
2764 1650 2837 1703 eii

2769 1456 2812 1488 ‘⁶
2831 1455 2911 1514 Et
2939 1461 3014 1516 cii

3321 352 3486 418 [xlv.
3511 358 3733 420 ,sl-XV.
3754 370 3812 421 5.

3097 516 3293 591 coepit
3321 514 3598 575 denotare

3097 617 3154 667 et
3182 608 3370 668 dicere
3400 610 3539 686 quia
3565 628 3643 669 ne

3097 702 3220 762 scio
3250 702 3551 762 hominem
3580 704 3695 763 isti-1

3098 815 3275 874 quem
3302 797 3515 857 dicitis·
3573 797 3685 858 ⁷¹et
3708 807 3798 858 sta

3093 892 3198 948 tim
3229 892 3436 949 iterum
3464 891 3651 967 gallus

3093 986 3351 1044 cantauit
3370 1016 3385 1031 ·
3411 1017 3424 1032 ·
3511 995 3652 1046 tunc

3093 1089 3588 1140 commemoratus

3093 1182 3181 1231 est
3208 1184 3408 1248 petrus
3475 1176 3657 1233 uerbi)

3092 1266 3254 1342 quod
3283 1267 3505 1326 dixerat
3533 1268 3585 1326 ei
3616 1268 3706 1328 ihs

3091 1361 3231 1436 quia
3257 1360 3599 1437 priusquam

3090 1453 3279 1529 gallus
3309 1464 3503 1513 cantet
3530 1464 3618 1514 ter

3091 1565 3187 1606 me
3216 1550 3459 1624 negabis
3478 1580 3493 1596 ·
3576 1559 3636 1609 et
3664 1568 3771 1611 coe

3089 1642 3174 1717 Pit
3202 1642 3338 1701 flere
3367 1669 3450 1695 „es
3484 1670 3567 1697 sen

2336 1754 2457 1795 una
2483 1755 2556 1795 ex
2587 1737 2808 1796 ancillis
2838 1739 2968 1815 prin
3041 1736 3073 1773 *
3093 1735 3790 1798 15.¹Etconfestimmane

2336 1831 2478 1907 cipis
2507 1831 2874 1891 sacerdotum
2897 1864 2912 1879 ·

3042 1830 3074 1867 *
3095 1831 3407 1889 consilium
3435 1832 3693 1892 fecerunt

2335 1924 2377 1956 ‘⁷
2395 1923 2471 1981 Et
2499 1942 2636 1982 cum
2665 1925 2904 1985 uidisset
2932 1944 3005 2004 pe
3038 1924 3070 1961 *
3091 1924 3381 2000 principes
3409 1944 3574 1985 sacer

2334 2027 2486 2077 trum
2516 2018 2832 2078 calefacien

2337 2122 2454 2171 tem
2484 2131 2546 2171 se
2629 2115 2919 2190 aspiciens

2337 2208 2412 2265 ait
2441 2206 2519 2265 illi
2541 2238 2556 2253 ·
2639 2219 2697 2266 et
2725 2219 2788 2267 tu
2817 2226 2955 2267 cum

2333 2338 2434 2396 ihu
2465 2356 2759 2398 nazoreno
2787 2357 2915 2399 eras

2334 2432 2375 2467 ⁶⁸
2400 2444 2458 2492 at
2486 2432 2577 2493 ille
2608 2434 2846 2510 negauit
2875 2433 2934 2494 di

3089 2017 3294 2076 dotum
3363 2038 3498 2079 eum
3529 2021 3692 2080 senio

3086 2113 3246 2171 ribus
3273 2123 3331 2171 et
3359 2115 3561 2173 scribis

3089 2217 3146 2265 et
3175 2208 3449 2267 uniuerso
3477 2209 3729 2268 concilio

3087 2338 3164 2396 Et
3192 2339 3456 2398 uinctum
3484 2340 3604 2400 ihm
3634 2341 3758 2400 dux

3088 2443 3256 2492 erunt
3284 2434 3344 2492 in
3374 2434 3585 2494 atrium
3643 2488 3648 2494 .

3824 517 3953 566 Pol.
3974 520 4113 569 199.

3087 2538 3146 2587 et
3173 2527 3528 2587 tradiderunt
3557 2530 3617 2607 pi

3086 2620 3204 2680 lato
3228 2653 3242 2668 ·
3327 2623 3350 2656 ²
3366 2623 3442 2682 Et
3472 2625 3683 2682 interro

3086 2717 3246 2790 gauit
3275 2735 3410 2775 eum
3438 2718 3650 2794 pilatus

3087 2808 3184 2868 Tu
3211 2829 3274 2869 es
3302 2829 3403 2869 rex
3434 2812 3607 2871 iudeo

2336 2547 2476 2587 cens
2559 2547 2752 2605 neque
2783 2530 2906 2588 scio

2336 2640 2529 2700 neque
2551 2624 2692 2681 noui
2714 2624 2858 2700 quid
2876 2624 3035 2685 dicas

2335 2715 2411 2775 Et
2439 2717 2576 2775 exiit
2606 2715 2755 2777 foras
2784 2728 2917 2776 ante

2333 2810 2542 2869 atrium
2571 2821 2627 2869 et
2654 2810 2844 2885 gallus

1528 2525 1571 2560 ⁸²
1590 2527 1690 2586 Ihs
1719 2539 1914 2585 autem
1942 2545 2157 2604 respon

1527 2621 1673 2680 dens
1702 2622 1846 2681 dixit
1873 2622 1951 2679 illi
2031 2640 2146 2698 ego

1528 2734 1659 2775 sum
1684 2747 1698 2762 ·
1784 2716 1861 2773 Et
1889 2716 2159 2776 uidebitis

1528 2809 1707 2867 filium
1736 2808 1989 2868 hominis
2018 2810 2093 2868 ad

776 2528 982 2588 dotum
1050 2537 1109 2586 et
1136 2528 1340 2585 uniuer

777 2640 907 2681 sum
936 2621 1248 2681 concilium
1281 2653 1293 2666 ·
1338 2637 1453 2697 que

774 2717 979 2774 rebant
1006 2714 1290 2774 aduersus
1320 2713 1442 2771 ihm

776 2809 1176 2868 testimonium
1199 2838 1213 2853 ·
1297 2816 1363 2865 ut

776 2920 913 2960 eum
942 2902 1112 2960 morti
1140 2900 1300 2959 trade
1530 2903 1793 2961 dextram
1822 2903 2060 2963 sedente
2333 2904 2591 2964 cantauit
2614 2935 2629 2950 ·
2716 2905 2759 2937 ⁸⁹
2777 2906 2986 2965 iterum
3083 2922 3213 2962 rum
3238 2935 3253 2950 ·
3337 2915 3396 2963 at
3425 2905 3518 2964 ille

777 3006 907 3056 rent
988 3005 1047 3055 et
1075 3013 1195 3053 non
1225 2995 1358 3051 inue
1529 2996 1754 3054 uirtutis
1786 3028 1800 3042 ·
1884 3007 1941 3055 et
1969 2998 2183 3056 uenien
2333 3006 2526 3056 autem
2555 3015 2692 3056 cum
2721 2999 2869 3057 uidis
3082 2999 3448 3075 respondens
3476 3000 3555 3058 ait

776 3093 1015 3153 niebant
1034 3120 1048 3136 ·
1071 3121 1084 3136 ·
1170 3088 1213 3121 ⁸⁶
1230 3087 1396 3145 multi
1530 3101 1649 3148 tem
1679 3107 1816 3149 cum
1845 3091 2098 3149 nubibus
2332 3101 2418 3149 set
2447 3110 2583 3150 eum
2611 3092 2817 3150 ancilla
2838 3124 2852 3139 ·
3083 3101 3147 3150 tu
3176 3092 3320 3151 dicis
3340 3125 3353 3139 ·
3436 3093 3458 3126 ⁸
3477 3095 3553 3152 Et
3581 3113 3729 3155 aceu

2332 3185 2523 3260 coepit
2553 3185 2740 3244 dicere
2769 3187 2927 3245 circii

2333 3280 2615 3339 stantibus
2697 3281 2835 3356 quia
2862 3281 2957 3340 hic

2335 3391 2407 3432 ex
2438 3374 2544 3432 illis
2573 3384 2661 3432 est
2684 3405 2698 3420 ·
2769 3374 2816 3407 ⁷⁰
2832 3385 2891 3433 at
2918 3374 3010 3434 ille
3085 3375 3266 3433 multa
3285 3407 3300 3421 ·
3383 3376 3406 3409 ⁴
3427 3376 3640 3454 pilatus

2332 3485 2530 3526 rursus
2558 3468 2796 3545 negauit
2815 3500 2828 3516 ·
3082 3480 3277 3526 autem
3305 3471 3521 3530 interro

2331 3559 2407 3619 Et
2433 3572 2564 3638 post
2592 3562 2865 3639 pusillum
2893 3564 3034 3623 itera
3083 3563 3245 3638 gauit
3272 3582 3411 3622 eum
3437 3565 3581 3623 itersi

2333 3665 2394 3713 to
2478 3657 2579 3732 qui
2609 3656 2839 3716 stabant
2869 3658 3003 3717 dixe
3083 3656 3285 3716 dicens
3369 3676 3490 3717 non
3520 3678 3612 3720 res

2333 3760 2465 3806 runt
2495 3760 2659 3826 petro
2741 3769 2872 3810 uere
2901 3771 2975 3810 ex
3082 3751 3297 3826 pondis
3324 3753 3654 3830 quidqua“·

2332 3843 2440 3901 illis
2469 3862 2532 3903 es
2614 3863 2752 3902 nam
2780 3855 2836 3903 et
2863 3845 3030 3920 galile
3084 3843 3265 3903 Uides
3294 3858 3513 3924 quanta
3541 3856 3597 3907 te
3626 3868 3696 3909 ac

2331 3956 2400 3995 us
2428 3956 2493 3997 es
2568 3948 2626 3998 et
2653 3939 2904 4016 loquella
2932 3950 3034 4000 tua
3085 3951 3322 3999 cussant
3345 3973 3358 3987 ·
3443 3942 3467 3974 ⁸
3488 3942 3587 4002 Ihs
3618 3962 3693 4002 au

2331 4033 2532 4092 similis
2559 4043 2646 4093 est
2668 4059 2682 4074 ·
2724 4034 2763 4066 ⁷¹
2784 4034 2876 4093 ille
2897 4044 2999 4095 aut
3087 4044 3205 4093 tem
3232 4034 3372 4096 nihil
3399 4037 3647 4113 amplius

1530 3182 1672 3242 caeli
1694 3214 1708 3228 ·
1780 3183 1821 3215 ‘⁸
1838 3183 2045 3242 Adhac
2076 3185 2205 3261 prin

1530 3295 1669 3352 ceps
1699 3276 2066 3336 sacerdotum

1531 3370 1697 3428 scidit
1726 3372 2072 3430 uestimenta

1529 3464 1637 3524 sibi
1661 3495 1676 3510 ·
1759 3475 1816 3523 et
1845 3466 1923 3523 ait
1948 3466 2090 3542 quid
2117 3466 2193 3526 ad

1528 3557 1644 3617 huc
1674 3558 2072 3618 desideramus

1527 3662 1701 3711 testes
1724 3684 1738 3699 ·
1825 3654 1869 3685 ⁶⁴
1886 3653 2124 3713 audistis

3084 3188 3290 3246 sabant
3317 3205 3455 3246 eum
3484 3190 3613 3265 prin

3084 3281 3247 3358 cipes
3276 3283 3583 3342 sacerdotii

777 3197 973 3247 autem
1001 3185 1212 3243 falsum
1239 3182 1368 3241 testi

775 3281 1040 3339 monium
1069 3278 1341 3337 dicebant

775 3375 1053 3435 aduersus
1082 3390 1220 3432 eum
1238 3402 1254 3418 ·

775 3459 1207 3528 Conuenientia'
1235 3468 1365 3524 aute

775 3562 1110 3621 testimonia
1137 3577 1258 3618 non
1287 3567 1408 3617 erat

774 3657 820 3690 ⁸⁷
838 3656 917 3714 Et
946 3656 1042 3714 alii
1071 3662 1373 3730 surgentes

774 3750 987 3810 salsum
1015 3747 1351 3808 testimonia
1527 3746 1889 3806 blasfemiam
1917 3749 2042 3806 eius
2062 3779 2075 3794 ·

777 3846 1048 3905 dicebant
1077 3841 1353 3901 aduersus
1529 3839 1690 3911 Quid
1718 3843 1889 3900 uobis
1918 3842 2145 3901 uidetur
2167 3874 2180 3889 ·

776 3958 915 3999 eum
943 3939 1199 3998 dicentes
1221 3966 1236 3982 ·
1279 3933 1475 4010 ⁵⁸qu
1529 3933 1604 3992 Et
1633 3952 1840 3993 omnes
1869 3937 2123 3996 condem

776 4053 887 4095 nos
914 4031 1243 4094 audiuimus
1270 4038 1393 4089 eu*
1525 4040 1809 4090 nauerunt
1842 4048 1980 4090 eum
