4414 4917
1980 1297 2552 1375 MONITUM.

1076 1537 1341 1606 Codicis
1390 1557 1703 1604 numerus
1757 1545 1860 1604 est
1913 1537 2064 1602 Lat.
2116 1538 2291 1614 6224
2346 1535 2806 1601 Bibliothecae
2860 1535 3116 1620 Regiae
3178 1535 3618 1604 Monacensis,

899 1642 1056 1710 Fuit
1090 1642 1253 1709 olim
1278 1642 1720 1725 Frisingensis
1755 1659 1839 1720 24
1870 1641 2044 1706 inter
2068 1640 2351 1706 Cimelia
2382 1639 2445 1704 ii.
2477 1656 2572 1724 13.
2593 1640 2683 1704 A.
2706 1640 3217 1705 Tischendorfio
3249 1643 3620 1725 ceterisque

897 1747 1082 1812 Noui
1112 1747 1531 1813 Testamenti
1562 1746 1800 1811 criticis
1841 1745 2059 1811 littera
2090 1767 2132 1828 q
2161 1746 2514 1828 insignitus
2545 1753 2683 1809 est:
2731 1744 2946 1809 ultimi
2978 1745 3117 1809 folii
3151 1754 3440 1829 ectypon
3471 1757 3619 1812 arte

896 1852 1384 1935 lithographica
1430 1850 1893 1933 reproductum
1941 1851 2009 1914 in
2058 1847 2378 1914 Silvestrii
2425 1850 2740 1932 operibus
2790 1848 3168 1929 Quatrie‘me
3204 1851 3462 1930 Partie,
3506 1872 3615 1916 no-

904 1957 1024 2036 158
1088 1957 1423 2039 reperitur.
1516 1955 1706 2020 Ordo
1767 1953 2289 2036 Euangeliorum
2350 1963 2452 2019 est
2514 1953 2895 2032 Mathaeus‚
2948 1953 3307 2034 Johanne3‚
3371 1954 3616 2035 Lucas,

897 2060 1208 2125 Marcus:
1277 2059 1516 2124 Codex
1565 2058 1830 2123 saeculo
1891 2067 2044 2141 post
2099 2058 2438 2122 Christum
2490 2058 2778 2140 septimo
2839 2058 3238 2122 attribuitur.
3329 2057 3613 2123 Litteris

895 2163 1469 2229 semi-uncialibus
1528 2172 1846 2227 exaratus
1907 2172 2025 2241 est,
2076 2163 2287 2245 iisque
2345 2161 2534 2226 lineis
2595 2163 2836 2244 quibus
2897 2162 3249 2226 asteriscos
3309 2161 3612 2244 praefixi,

896 2270 1092 2335 uariis
1135 2268 1468 2333 coloribus
1514 2268 1799 2332 ornatis:
1849 2287 2105 2332 necnon
2151 2269 2276 2331 sub
2322 2267 2511 2349 signo
2542 2291 2641 2342 ω,
2680 2266 3001 2349 imagines
3048 2266 3155 2330 uel
3202 2266 3269 2329 in
3315 2267 3616 2349 margine

894 2371 1001 2438 uel
1062 2374 1130 2436 in
1191 2373 1340 2435 imis
1399 2371 1660 2455 paginis
1712 2371 2013 2454 depictas
2074 2371 2399 2464 indicaui3
2468 2371 2673 2435 uerba
2727 2370 2834 2434 uel
2883 2370 3149 2436 litterae
3198 2390 3372 2453 quae
3424 2370 3612 2436 uncis

895 2477 1321 2544 includuntur
1350 2497 1437 2540 ex
1473 2476 1723 2542 Codice
1753 2476 2110 2560 perierunt.

1068 2581 1313 2646 Manus
1352 2582 1605 2664 primae
1642 2581 2033 2664 scripturam
2073 2600 2226 2645 cum
2263 2579 2526 2661 punctis
2571 2587 2637 2643 et
2675 2577 2978 2662 spatiolis
3017 2577 3302 2644 fideliter
3342 2588 3613 2645 secutus

898 2706 1066 2763 sum,
1097 2687 1671 2768 correctionesque
1702 2685 1980 2749 aliarum
2022 2703 2340 2748 manuum
2378 2683 2443 2746 in
2486 2684 2735 2747 notulis
2775 2684 3094 2762 recensui,
3125 2683 3252 2746 nisi
3284 2685 3462 2765 quod
3497 2704 3610 2748 eas

894 2787 1150 2854 litteras
1179 2810 1346 2872 quas
1376 2810 1416 2853 a
1449 2808 1650 2853 manu
1682 2790 1895 2873 prima
1925 2788 2209 2855 omissas
2238 2787 2577 2870 suppleuit
2606 2788 2841 2852 eadem
2874 2807 3129 2864 manus,
3155 2786 3611 2869 lectionesque

894 2892 1370 2958 ecclesiasticas
1414 2909 1455 2955 a
1504 2912 1703 2956 manu
1751 2891 2038 2958 secunda
2085 2892 2365 2974 scriptas
2416 2892 2482 2954 in
2532 2891 2769 2955 eodem
2811 2888 2959 2954 loco
2999 2909 3202 2972 quem
3243 2891 3308 2953 in
3357 2889 3611 2955 Codice

891 2995 1159 3074 habent,
1191 2995 1372 3078 typis
1413 2996 1748 3059 commisi:
1798 3016 1971 3078 quae
2005 2994 2167 3059 folia
2214 3015 2302 3058 ex
2353 2994 2600 3059 Codice
2643 2994 3034 3058 exciderunt
3075 2993 3300 3058 uacuis
3346 2994 3609 3078 paginis

892 3099 1206 3182 expressi,
1239 3098 1671 3182 foliorumque
1711 3099 2320 3164 adnumerationem
2352 3108 2428 3163 ut
2473 3119 2647 3164 nunc
2688 3107 2929 3175 exstat,
2966 3099 3271 3180 quamuis
3315 3099 3604 3181 priscum

892 3202 1197 3267 foliorum
1247 3205 1552 3268 ordinem
1603 3205 1876 3286 restitui,
1924 3202 2207 3270 fideliter
2256 3203 2546 3268 reddidi:
2609 3204 2695 3268 de
2740 3202 2981 3286 quibus
3033 3200 3226 3286 plura
3274 3202 3341 3265 in
3389 3201 3606 3285 prole-

891 3307 1193 3389 gomenis
1226 3307 1505 3371 uidebis·
