4414 4917
918 444 1041 511 150
1782 424 2242 527 EJDJTORJS
2288 425 2751 486 NoTULAE.

913 604 960 658 F
963 605 1035 657 ol.
1061 602 1147 656 88.
1202 614 1252 668 7.
1291 601 1487 656 inuluit
1510 617 1585 654 m.
1594 604 1679 671 p.‚
1705 617 1740 654 o
1765 602 2040 670 superscr.
2066 616 2211 654 corr.
2237 616 2311 652 m.
2319 602 2389 669 p.
2467 612 2548 653 10.
2586 597 2960 669 euangelizaui
2986 615 3060 652 m.
3067 602 3152 669 p.‚
3176 598 3402 654 adah'dit
3422 616 3459 655 o
3476 617 3621 655 corr.

1055 703 1129 740 m.
1195 722 1208 740 .

912 783 959 838 F
962 783 1031 836 ol.
1058 781 1127 835 88
1140 700 1196 837 ἕ.
1254 793 1334 846 17.
1373 781 1512 834 Post
1547 780 1616 835 de
1653 797 1750 834 uer
1785 778 2012 833 addidit
2045 779 2290 846 incun'a,
2317 788 2416 833 unt
2452 781 2596 848 ηιμ
2626 778 2817 849 (lapsu
2852 777 3065 835 calami
3094 796 3171 834 ex
3200 781 3620 850 cognouerunt)‚

1052 866 1210 935 quod
1224 866 1402 918 erasit
1423 864 1611 917 eadem
1638 880 1859 916 manus.
1933 877 2018 917 21.
2054 863 2129 917 In
2153 864 2418 934 margine
2439 863 2667 932 scripsit
2689 879 2763 917 m.
2790 876 2839 916 2.
2914 864 2948 919 †
2974 862 3030 917 in
3056 864 3260 919 octaba
3283 864 3381 920 diii
3403 865 3456 922 †.

913 965 1031 1020 Fol.
1057 964 1144 1018 89.
1201 979 1286 1018 22.
1325 963 1475 1018 illum
1500 967 1777 1033 superscr.
1801 979 1945 1018 corr.
1972 980 2047 1017 m.
2055 966 2122 1033 p.

914 1066 1032 1120 Fol.
1060 1065 1129 1119 89
1145 1065 1199 1119 b.
1252 1079 1337 1133 29.
1377 1066 1465 1119 Ex
1488 1070 1620 1117 ante
1643 1081 1791 1118 nunc
1814 1080 2040 1117 erasum
2063 1069 2161 1119 est.
2235 1060 2446 1118 dimitis
2471 1066 2638 1134 ηιμ,
2663 1073 2686 1118 t
2709 1052 2984 1133 supera-cr.
3008 1080 3152 1118 corr.
3178 1067 3322 1135 ηιμ
3413 1079 3500 1134 34.
3536 1076 3619 1121 tre

1051 1151 1116 1203 in
1141 1160 1376 1203 matrem
1402 1149 1466 1201 in
1490 1164 1700 1201 rasura
1724 1149 1999 1217 scriplum
2024 1152 2122 1202 est.

915 1250 1032 1304 Fol.
1056 1248 1144 1303 90.
1196 1261 1281 1317 37.
1317 1247 1565 1303 octuinta
1589 1265 1664 1301 ex
1683 1257 1851 1302 noctu
1876 1254 1944 1301 ut
1965 1247 2159 1314 udtnr,
2184 1247 2436 1303 correxit
2458 1249 2605 1317 ηιμ
2692 1261 2778 1315 41.
2817 1247 3083 1303 solemnis
3109 1265 3183 1302 m.
3191 1252 3275 1319 μ,
3301 1250 3318 1302 l
3343 1253 3617 1320 superscr.

1052 1348 1195 1385 corr.
1223 1336 1370 1402 ηιμ
1443 1347 1529 1399 42.
1568 1331 1584 1385 i
1593 1333 1707 1402 fin.
1732 1332 1797 1384 in
1822 1330 1932 1385 diei
1957 1348 2121 1385 erasa
2144 1335 2243 1384 est.
2333 1344 2422 1398 43.
2459 1330 2657 1385 diebus
2683 1334 2849 1401 ηιμ,
2873 1332 3012 1386 ebus
3036 1334 3215 1386 erasit
3237 1338 3528 1387 corrector.

913 1433 1032 1487 Fol.
1058 1432 1197 1486 90b.
1252 1446 1339 1499 44.
1377 1431 1395 1485 i
1402 1433 1514 1502 fin.
1541 1433 1605 1486 ‘in
1631 1431 1740 1486 diei
1774 1448 1938 1484 erasa
1961 1436 2058 1484 est.
2143 1431 2231 1497 48.
2269 1430 2413 1485 uisio
2438 1435 2608 1502 ηιμ,
2633 1432 2790 1501 quod
2804 1432 2869 1485 in
2902 1431 3025 1486 uiso
3051 1434 3305 1488 mutauit
3326 1439 3617 1501 corrector,

1052 1515 1329 1570 eradendo
1355 1515 1389 1569 i.
1463 1533 1531 1570 ue
1556 1517 1619 1569 in
1650 1526 1994 1585 expauerunt
2030 1516 2095 1567 in
2131 1531 2342 1568 rasura
2374 1516 2650 1584 scriptum
2686 1522 2771 1570 est
2803 1533 2841 1569 a
2878 1532 2951 1569 m.
2976 1519 3042 1586 p.
3114 1532 3148 1572 e
3182 1518 3247 1570 in
3283 1526 3444 1587 pater
3476 1535 3551 1572 ex
3582 1535 3619 1573 u

1054 1602 1300 1654 correxit
1322 1603 1464 1669 ηιμ
1537 1613 1625 1668 49.
1662 1608 1843 1669 oprtet
1868 1603 2032 1669 ηιμ,
2059 1615 2093 1652 o
2117 1602 2391 1668 superscr.
2418 1613 2561 1652 corr.
2587 1601 2737 1668 ηιμ

914 1702 960 1754 F
964 1701 1034 1753 ol.
1060 1699 1148 1753 91.
1200 1700 1249 1754 3.
1282 1714 1326 1754 1.
1365 1699 1606 1755 ituraeae
1632 1703 1797 1769 ηιμ,
1812 1700 1988 1768 prior
2008 1716 2043 1752 a
2066 1716 2231 1752 erasa
2255 1706 2352 1753 est.
2426 1712 2477 1766 3.
2516 1697 2735 1754 iodanis
2761 1716 2835 1752 m.
2839 1702 2924 1781 μ,
2949 1717 2977 1753 1·
3000 1703 3276 1769 superscr.
3303 1717 3445 1755 corr.
3471 1704 3617 1771 ηιμ

913 1802 959 1855 F
962 1801 1032 1855 ol.
1058 1800 1122 1854 91
1147 1799 1202 1854 b.
1253 1800 1305 1854 6.
1342 1817 1473 1855 caro
1522 1818 1595 1853 m.
1626 1803 1711 1869 μ,
1761 1799 1950 1852 uoluit
1994 1816 2127 1853 cara
2173 1805 2452 1853 corrector
2484 1800 2786 1868 posterior.
2862 1800 3004 1853 Post
3037 1800 3096 1855 di
3118 1802 3322 1870 posuit
3355 1819 3429 1855 ηι
3471 1816 3502 1855 2
3540 1803 3574 1858 †
3584 1819 3619 1868 ,⁹

1053 1883 1351 1953 eademque
1385 1900 1591 1936 manus
1620 1884 1684 1936 in
1718 1885 1980 1953 margine
2004 1883 2037 1938 Ὺ
2064 1882 2133 1937 de
2170 1883 2414 1936 aduento
2449 1883 2692 1953 scripsit.
2767 1896 2817 1949 7.
2855 1890 2988 1938 cora
3022 1901 3098 1939 m.
3128 1887 3212 1955 μ,
3248 1886 3467 1940 erasit‘
3498 1902 3616 1942 cor·

1054 1973 1250 2022 rector.
1324 1982 1374 2036 9.
1412 1984 1489 2020 nn
1516 1970 1677 2036 ηιμ,
1705 1983 1739 2020 o
1764 1969 2039 2035 superscr.
2067 1982 2210 2019 corr.
2238 1969 2387 2034 ηιμ

913 2068 1033 2122 Fol.
1059 2067 1146 2121 92.
1204 2082 1284 2122 12.
1322 2068 1455 2122 ilum
1481 2069 1646 2137 ηιμ,
1672 2068 1689 2119 l
1714 2070 1987 2136 superscr.
2013 2082 2155 2120 corr.
2181 2069 2327 2135 ηιμ
2406 2066 2486 2120 16.
2525 2065 2695 2136 inqua
2719 2069 2882 2137 ηιμ,
2908 2085 2943 2121 a
2967 2070 3242 2137 superscr.
3267 2085 3410 2125 corr.
3437 2073 3581 2141 ηιμ

913 2169 1034 2222 Fol.
1059 2168 1130 2222 92
1149 2169 1204 2222 b.
1261 2182 1342 2237 19.
1380 2168 1622 2223 tetri-cha
1648 2170 1814 2237 ηιμ,
1839 2185 1875 2221 a
1898 2170 2172 2236 superscr.
2198 2183 2341 2220 corr.
2370 2169 2514 2236 ηιμ
2590 2183 2722 2222 suae
2749 2171 2915 2238 ηιμ,
2944 2168 3028 2222 sui
3054 2186 3198 2223 corr.
3224 2174 3369 2240 ηιμ

914 2269 1033 2322 Fol.
1058 2267 1144 2321 94.
1198 2268 1249 2321 4.
1293 2283 1372 2335 14.
1410 2269 1588 2321 Prior
1610 2285 1645 2321 u
1669 2268 1734 2320 in
1765 2284 2023 2321 reuersus
2053 2268 2118 2320 in
2142 2282 2354 2319 rasura
2385 2268 2599 2335 scripla
2632 2273 2729 2335 est,
2755 2266 2910 2320 seda
2934 2272 3078 2338 ηιμ
3171 2281 3251 2339 15.
3288 2270 3618 2326 nificabatur

1051 2353 1126 2406 ab
1152 2352 1413 2407 omnibus
1437 2354 1501 2405 in
1520 2368 1730 2404 rasura
1753 2352 2028 2420 scriplum
2052 2357 2149 2417 est,
2170 2350 2273 2403 sed
2289 2366 2326 2401 a
2351 2353 2494 2419 ηιμ
2561 2351 2643 2405 16.
2677 2351 2834 2405 Ante
2850 2351 3090 2408 nutritus
3114 2358 3199 2407 est
3213 2371 3425 2408 rasura
3445 2357 3620 2409 unius

1054 2434 1279 2490 litterae
1301 2453 1472 2506 quam
1496 2453 1528 2491 e
1536 2436 1729 2507 fuisse
1752 2435 1928 2490 credo.

914 2538 1035 2591 Fol.
1060 2536 1131 2590 94
1149 2537 1203 2590 b.
1261 2536 1341 2591 18.
1379 2547 1636 2606 prpterea
1662 2577 1675 2590 .
1703 2576 1715 2590 .
1743 2575 1755 2589 .
1786 2534 2051 2605 pauribus
2079 2536 2244 2604 ηιμ,
2272 2551 2307 2587 o
2333 2575 2346 2589 .
2377 2575 2390 2589 .
2420 2577 2431 2589 .
2459 2551 2531 2605 pe
2555 2538 2831 2604 superscr.
2859 2553 3002 2592 corr.
3028 2542 3175 2608 ηιμ

1062 2634 1141 2689 19.
1179 2637 1237 2675 re
1256 2622 1320 2673 in
1345 2619 1673 2675 redditionis
1698 2623 1973 2690 superscr.
2000 2634 2144 2672 corr.
2170 2621 2322 2688 ηιμ

915 2720 1038 2775 Fol.
1061 2720 1149 2774 95.
1200 2732 1285 2789 25.
1324 2719 1485 2774 annis
1511 2720 1687 2774 tribus
1713 2730 1767 2774 et
1796 2738 1808 2773 ε
1845 2721 2151 2787 scripserat
2175 2720 2385 2788 primo,
2411 2720 2658 2785 incuria,
2685 2720 2867 2773 scriba
2892 2719 3132 2775 annibus
3165 2731 3220 2777 et
3258 2739 3436 2790 menS,
3469 2723 3624 2793 quod

1053 2803 1263 2857 deleuit
1306 2805 1427 2873 ipse
1471 2809 1528 2856 et
1572 2803 1735 2857 annis
1785 2803 1960 2856 tribus
2008 2812 2065 2857 et
2105 2802 2322 2872 posuit.
2396 2818 2566 2870 mgna
2612 2819 2685 2855 m.
2720 2806 2803 2872 p.‚
2853 2820 2890 2858 a
2924 2807 3200 2873 superscr.
3249 2822 3394 2862 corr.
3442 2823 3516 2861 ηι
3551 2810 3616 2878 μ

1056 2900 1142 2955 29.
1182 2886 1590 2955 supercilicium
1617 2903 1690 2939 m.
1706 2889 1783 2955 μ,
1811 2886 1912 2939 sed
1929 2885 1980 2939 ci
2006 2885 2245 2939 secundo
2270 2885 2387 2939 loco
2410 2902 2635 2939 erasum
2659 2891 2756 2939 est.

915 2986 1037 3041 Fol.
1063 2986 1133 3040 95
1146 2987 1201 3040 b.
1252 2999 1337 3054 34.
1375 2986 1572 3055 prdere
1597 2989 1759 3055 ηιμ,
1785 3003 1816 3039 e
1840 2989 2117 3056 superscr.
2144 3002 2288 3039 corr.
2315 2989 2459 3055 ηιμ

915 3087 960 3140 F
965 3086 1036 3140 ol.
1061 3085 1148 3139 96.
1199 3099 1284 3154 39.
1322 3085 1652 3140 minstrabat
1677 3089 1839 3155 ηιμ,
1866 3084 1881 3138 i
1909 3088 2184 3154 superscr.
2204 3102 2347 3139 corr.
2368 3087 2515 3154 ηιμ
2589 3100 2675 3152 41.
2713 3096 2768 3140 et
2796 3085 2998 3141 daem-
3020 3088 3085 3141 in
3109 3103 3322 3143 rasura
3345 3091 3615 3160 scriptum

1055 3176 1139 3223 est
1162 3187 1200 3221 a
1223 3172 1367 3239 ηιμ
1442 3170 1492 3223 5.
1538 3184 1581 3222 1.
1608 3186 1680 3223 au
1702 3171 1768 3222 in
1794 3168 2053 3224 audirent
2077 3172 2353 3240 superscr.
2378 3185 2523 3222 corr.
2549 3172 2693 3240 ηιμ

917 3269 1038 3325 Fol.
1064 3270 1135 3324 96
1154 3271 1208 3325 b.
1260 3281 1308 3339 5.
1347 3269 1495 3324 simn
1520 3273 1682 3339 ηιμ,
1708 3286 1743 3323 o
1767 3273 2045 3340 superscr.
2070 3286 2215 3323 corr.
2242 3272 2389 3339 ηιμ

913 3372 1036 3426 Fol.
1061 3370 1147 3424 97.
1203 3384 1283 3437 13.
1321 3370 1546 3425 dicessit
1571 3387 1644 3424 m.
1655 3373 1737 3440 μ,
1765 3388 1793 3424 s
1816 3373 2090 3440 superscr.
2115 3387 2259 3424 corr.
2284 3372 2431 3439 ηιμ

914 3471 1035 3525 Fol.
1061 3471 1132 3524 97
1149 3472 1204 3525 b.
1260 3483 1341 3537 17.
1368 3485 1453 3524 22.
1488 3479 1571 3526 ert
1599 3509 1612 3524 .
1640 3509 1654 3524 .
1681 3510 1694 3524 .
1721 3469 1944 3540 cognuit
1970 3474 2137 3540 ηιμ,
2163 3487 2197 3524 a
2226 3510 2239 3524 .
2266 3509 2279 3523 .
2307 3509 2320 3523 .
2346 3487 2381 3524 o
2406 3472 2679 3539 superscr.
2705 3486 2849 3523 corr.
2875 3474 3022 3541 ηιμ

914 3573 959 3626 F
964 3572 1037 3625 ol.
1074 3571 1144 3625 98
1162 3572 1216 3625 b.
1267 3585 1352 3639 30.
1392 3585 1477 3639 33.
1515 3570 1635 3625 bibt
1663 3610 1677 3625 .
1706 3610 1718 3624 .
1747 3609 1760 3624 .
1784 3570 2069 3640 frequnter
2112 3572 2280 3640 ηιμ,
2319 3586 2351 3625 e
2379 3609 2430 3623 ..
2463 3609 2476 3622 .
2502 3585 2535 3624 e
2570 3572 2847 3640 superscr.
2883 3588 3029 3626 corr.
3066 3588 3140 3626 m.
3156 3577 3221 3643 p.
3319 3585 3405 3642 35.
3450 3591 3510 3630 re
3550 3577 3616 3630 in

1055 3655 1332 3710 auferetur
1353 3657 1628 3725 superscr.
1650 3670 1794 3709 corr.
1820 3656 1965 3724 ηιμ

912 3755 1034 3809 Fol.
1059 3754 1146 3808 99.
1196 3755 1248 3808 6.
1274 3770 1323 3824 3.
1361 3765 1521 3809 erant
1546 3771 1619 3807 ex
1640 3753 1783 3809 irant
1807 3754 2053 3809 correxit
2073 3757 2219 3823 ηιμ

914 3857 960 3910 F
964 3854 1036 3909 ol.
1062 3855 1132 3909 99
1146 3856 1201 3909 b.
1251 3869 1301 3924 9.
1340 3854 1693 3924 interrogabo
1717 3871 1792 3907 ex
1812 3853 2139 3923 interogabo
2163 3854 2413 3907 correxit
2433 3858 2579 3925 ηιμ

915 3956 1037 4010 Fol.
1066 3956 1185 4010 100.
1241 3970 1321 4024 13.
1355 3970 1434 4022 14.
1469 3956 1615 4024 elegt
1642 3995 1655 4009 .
1683 3994 1697 4008 .
1724 3994 1738 4008 .
1764 3952 2146 4023 cgnominauit
2171 3956 2336 4024 ηιμ,
2361 3952 2378 4006 i
2408 3992 2421 4007 .
2450 3993 2464 4008 .
2491 3994 2504 4007 .
2531 3971 2566 4008 o
2590 3957 2864 4025 superscr.
2890 3972 3033 4011 corr.
3053 3960 3199 4028 ηιμ

912 4057 960 4111 F
964 4056 1035 4110 ol.
1064 4056 1167 4110 100
1183 4057 1238 4110 b.
1289 4070 1373 4109 20.
1410 4071 1446 4109 a
1469 4057 1533 4108 in
1558 4054 1719 4110 Beati
1744 4056 1808 4108 in
1833 4069 2044 4107 rasura
2067 4056 2282 4125 scripta
2303 4059 2388 4108 est
2408 4072 2445 4107 a
2470 4058 2618 4125 ηιμ

914 4158 1036 4212 Fol.
1066 4157 1183 4210 101.
1234 4156 1319 4210 28.
1357 4173 1423 4225 pr
1446 4159 1608 4226 ηιμ,
1635 4172 1669 4209 o
1694 4158 1969 4224 superscr.
1989 4171 2131 4210 corr.
2159 4157 2308 4225 ηιμ
2382 4169 2468 4224 29.
2505 4155 2606 4211 tibi
2634 4166 2694 4212 tu
2718 4157 2784 4211 in
2807 4174 3017 4212 rasura
3051 4158 3144 4229 qui
3182 4175 3255 4214 au
3278 4161 3553 4231 scriptum
3577 4179 3614 4214 a

1056 4256 1130 4292 m.
1145 4241 1229 4309 μ,
1252 4256 1398 4308 quae
1420 4240 1587 4309 lapsu
1612 4238 1705 4309 qui
1731 4239 1908 4294 aufert
1934 4238 2226 4309 duplicare
2247 4241 2548 4312 inceperat.
