4414 4917
324 520 454 571 1⁸01.
476 522 571 572 09.

613 361 670 411 V.
697 361 894 427 37-V1.
918 358 1023 427 ²5·]

612 522 781 582 mittit
807 522 1011 581 uinum
1039 540 1122 581 no

611 634 753 673 uum
781 616 841 674 in
876 625 1031 675 utres
1057 634 1132 675 ue

611 717 764 768 teres
789 741 802 755 ·
843 710 1106 787 alioquin
1129 740 1145 757 ·

610 804 827 879 rumpit
853 803 1056 862 uinum
1086 820 1166 863 no

609 914 753 955 uum
782 907 935 956 utres
1003 907 1062 955 et
1087 897 1149 974 ip

610 1007 741 1049 sum
769 990 1096 1050 effundetur
1113 1022 1129 1038 ·

608 1092 665 1143 et
691 1094 850 1143 utres
878 1085 1148 1161 peribunt

608 1176 650 1210 ³⁸
669 1177 786 1237 Sed
805 1178 1009 1236 uinum
1031 1196 1251 1249 nouum

610 1272 668 1329 in
695 1283 850 1331 utres
879 1290 1067 1333 nouos

612 1367 884 1425 mittunt·
947 1377 1004 1426 et
1032 1376 1161 1426 utra

611 1479 723 1538 que
753 1471 1172 1521 conseruantur
1191 1491 1206 1507 ·

610 1554 738 1613 ”Et
759 1574 933 1615 nemo
951 1573 1089 1616 cum
1109 1554 1311 1614 biberit

611 1658 780 1709 uetus
848 1650 1045 1709 statim
1071 1648 1200 1708 uult

612 1760 833 1802 nouum
856 1774 871 1788 ·
932 1742 1069 1802 dicit
1096 1748 1193 1801 eni

610 1848 774 1896 uetus
803 1836 1029 1897 suauior
1057 1846 1146 1896 est

610 1936 669 1992 6.
701 1928 723 1963 ¹
740 1930 984 1990 Factum
1005 1941 1093 1991 est
1113 1941 1308 1990 autem

611 2037 670 2094 in
698 2037 941 2096 sabbato
971 2055 1109 2096 cum

610 2133 873 2189 transiret
900 2148 1002 2207 per
1029 2129 1175 2190 semi

610 2233 747 2283 nata
769 2255 784 2270 ·
844 2223 1138 2283 uellebant

609 2317 876 2396 discipuli
902 2318 1026 2377 eius
1054 2318 1246 2396 spicas

612 2545 995 2606 confricantes
1025 2562 1123 2603 ma

612 2642 782 2701 nibus
850 2650 909 2699 et
937 2638 1231 2697 manduca

611 2736 784 2795 bant·
827 2731 1045 2811 ’Aliqui
1072 2737 1203 2792 aute

610 2828 947 2888 sariseorum
974 2828 1104 2886 dice

612 2923 751 2982 bant
777 2922 885 2982 illis
955 2921 1098 2999 quid
1131 2919 1187 2979 fa

612 3017 738 3076 citis
763 3016 925 3095 quod
955 3033 1078 3074 non
1105 3014 1241 3074 licet

611 3111 797 3170 facere
825 3108 1078 3169 sabbatis
1102 3139 1117 3155 ·

610 3204 632 3237 ⁸
650 3204 975 3281 Respondit
998 3203 1089 3262 ihs
1116 3212 1173 3262 et

611 3297 754 3358 dixit
782 3297 889 3356 illis
912 3328 926 3343 ·
998 3314 1106 3355 nec
1138 3295 1251 3355 hoe

610 3392 823 3470 legistis
850 3390 1012 3469 quod
1039 3389 1174 3448 fecit

610 3485 787 3546 dauid
815 3502 952 3544 cum
980 3482 1166 3542 aesuri

610 3582 653 3639 it
681 3581 805 3658 ipse
833 3589 891 3638 et
918 3577 1017 3655 qui
1048 3594 1185 3636 cum

611 3691 684 3735 eo
712 3681 875 3734 erant
894 3702 909 3718 ·
953 3674 974 3704 ⁴
992 3689 1211 3748 quomo

611 3769 689 3829 do
714 3766 947 3826 intrauit
974 3766 1035 3823 in
1053 3764 1132 3824 do

610 3880 773 3922 mum
801 3860 861 3920 di
881 3890 896 3905 ·
959 3869 1017 3918 et
1044 3859 1215 3935 panis

612 3954 1025 4034 propositionis
1053 3971 1186 4012 sum

613 4053 684 4112 sit
710 4060 767 4111 et
793 4047 1172 4108 manducauit
1224 4086 1231 4095 ·

611 4157 667 4206 et
695 4144 851 4204 dedit
879 4142 969 4200 his
998 4141 1098 4218 qui
1126 4150 1251 4200 cu-

609 4257 683 4300 eo
709 4247 874 4299 erant
895 4266 910 4283 ·
954 4251 1104 4313 quos
1127 4250 1250 4292 non

1939 350 2291 414 LUCAN-

1363 520 1573 581 licebat
1602 520 1899 582 manduca

1361 633 1423 674 re
1493 616 1602 673 nisi
1629 625 1856 674 tantum

1362 710 1759 769 sacerdotibus
1779 742 1793 756 ·

1360 801 1476 861 ‘Et
1505 803 1734 863 dicebat
1761 803 1868 861 illis
1897 804 2033 882 quia

1361 896 1471 955 dfis
1498 907 1586 956 est
1615 898 1761 957 filius
1791 898 1869 958 ho

1360 991 1535 1050 minis
1567 993 1741 1051 etiam
1769 992 1876 1052 sab

1359 1084 1478 1143 bati
1496 1116 1510 1131 ·
1554 1085 1835 1145 ‘Factum

1359 1188 1447 1237 est
1474 1186 1670 1238 autem
1690 1211 1705 1226 ·
1763 1190 1820 1239 et
1852 1179 1914 1238 in
1943 1179 2016 1238 ali

1361 1290 1400 1332 o
1430 1274 1675 1332 sabbato
1699 1303 1713 1319 ·
1775 1283 1839 1332 ut
1868 1274 1928 1331 in

1360 1376 1532 1425 traret
1558 1367 1619 1425 in
1648 1385 1874 1444 synago

1360 1479 1497 1538 gam
1538 1471 1595 1520 et
1627 1461 1860 1521 doceret
1880 1494 1895 1509 ·

1360 1566 1417 1614 et
1437 1565 1559 1615 erat
1587 1557 1665 1614 ibi
1695 1554 1876 1616 homo

1360 1659 1418 1708 et
1452 1667 1662 1708 manus
1689 1651 1814 1709 eius
1842 1650 1956 1709 dex

1358 1755 1444 1802 ter
1467 1753 1589 1802 erat
1616 1744 1778 1803 arida
1797 1775 1812 1790 ·

1357 1837 1379 1870 ‘¹
1393 1836 1799 1897 Obseruabant
1822 1855 1896 1896 au

1358 1940 1477 1990 tem
1503 1932 1727 1991 scribae
1755 1940 1813 1990 et
1839 1930 1896 1989 sa

1356 2026 1522 2085 risaei
1541 2057 1555 2072 ·
1631 2025 1691 2084 Si
1718 2027 1961 2085 sabbato

1357 2129 1582 2180 curaret
1620 2130 1682 2178 ut
1709 2120 1843 2179 inue

1358 2215 1547 2273 nirent
1577 2230 1850 2273 accusare

1357 2535 1516 2594 illurn
1573 2533 1595 2568 ⁸
1613 2535 1738 2612 ipse
1767 2543 1960 2594 autem

1358 2629 1579 2689 sciebat
1602 2629 1874 2706 cogitatio

1359 2741 1464 2782 nes
1491 2741 1693 2782 eorum
1715 2755 1730 2770 ·
1793 2724 1871 2784 Et
1899 2726 1978 2784 ait

1359 2815 1583 2876 homini
1616 2819 1716 2896 qui
1749 2818 2038 2878 habaebat

1360 2929 1603 2970 manum
1632 2913 1856 2972 aridam
1880 2944 1895 2959 ·

1361 3023 1534 3082 surge
1552 3016 1611 3064 et
1628 3006 1792 3065 stain
1810 3006 2004 3065 medio

1359 3110 1416 3159 et
1447 3117 1691 3177 surgens
1720 3101 1874 3159 stetit

1360 3193 1469 3252 ¹'ait
1486 3205 1678 3252 autem
1697 3194 1784 3253 ihs
1801 3195 1875 3254 ad
1893 3193 2041 3253 illos·

1361 3286 1729 3364 interrogabo
1756 3306 1866 3347 uos
1904 3288 1979 3346 ali

1359 3382 1499 3459 quid
1524 3412 1538 3427 ·
1581 3380 1713 3440 licet
1734 3383 1978 3441 sabbato

1359 3474 1699 3535 benefacere
1719 3507 1733 3522 ·
1797 3495 1873 3535 an
1902 3495 2000 3536 ma

1358 3569 1608 3629 lesacere
1627 3600 1641 3615 ·
1686 3570 1935 3628 anima-

1362 3663 1581 3723 saluam
1606 3662 1731 3721 sace
1761 3681 1839 3721 an
1868 3682 1973 3740 per

1361 3757 1500 3817 dere
1520 3789 1534 3804 ·
1577 3755 1622 3790 ¹⁰
1640 3757 1715 3815 Et
1742 3759 1961 3816 circum

1361 3853 1573 3929 spectis
1602 3851 1709 3910 illis
1737 3853 2011 3911 omnibus

1362 3947 1423 4004 in
1450 3947 1534 4005 ira
1561 3945 1704 4004 dixit
1734 3945 1957 4003 homini
1980 3976 1994 3991 ·

1361 4040 1613 4100 extende
1633 4057 1874 4098 manum
1893 4050 2056 4098 tua-‘-

1361 4145 1419 4195 et
1446 4133 1702 4193 extendit
1725 4164 1740 4179 ·
1800 4142 1858 4191 et
1887 4134 2019 4192 resti

1361 4239 1482 4288 tuta
1509 4237 1597 4288 est
1623 4246 1833 4287 manus
1854 4227 1978 4286 eius

1362 4325 1510 4384 sicut
1539 4322 1715 4382 altera
1735 4352 1818 4365 —-

2165 517 2209 553 ¹¹
2228 522 2339 599 ipsi
2366 532 2560 581 autem
2589 521 2745 600 reple

2166 617 2207 675 ti
2239 625 2372 675 sunt
2397 617 2639 695 iniquita

2163 720 2284 769 tem
2303 742 2317 756 ·
2388 710 2464 768 Et
2492 710 2781 788 conloque

2162 807 2374 864 bantur
2391 806 2466 865 ad
2492 805 2680 864 inuice

2163 899 2305 976 quid
2334 899 2589 958 facerent
2612 899 2685 959 de

2285 993 2605 1051 *bibunt*

2114 1074 2143 1108 *
2165 1082 2210 1116 ¹²
2225 1086 2470 1146 Factum
2497 1096 2586 1146 est
2614 1106 2688 1147 au

2115 1176 2145 1211 ¹⁸¹
2166 1190 2286 1238 tem
2315 1182 2376 1239 in
2403 1180 2510 1240 illis
2538 1181 2742 1241 diebus

2161 1274 2298 1349 exiit
2326 1275 2386 1331 in
2416 1284 2680 1334 montem

2160 1384 2325 1426 orare
2345 1399 2360 1414 ·
2412 1378 2468 1427 et
2496 1378 2618 1427 erat

2161 1471 2514 1538 pernoctans
2542 1463 2604 1520 in
2632 1482 2669 1522 ο

2160 1556 2384 1616 ratione
2415 1556 2474 1615 di
2495 1587 2509 1602 ·
2553 1555 2689 1615 ¹⁸Et
2718 1562 2793 1615 cti

2162 1649 2286 1708 dies
2315 1648 2502 1709 factus
2529 1660 2617 1709 est
2636 1682 2651 1696 ·
2713 1669 2795 1710 uo

2162 1744 2319 1802 cauit
2348 1743 2424 1802 ad
2453 1761 2518 1803 se
2548 1744 2773 1820 discipu

2160 1837 2252 1896 los
2281 1855 2422 1897 suos
2445 1870 2459 1885 ·
2526 1836 2604 1894 Et
2632 1833 2801 1914 elegit

2161 1931 2472 1990 duodecim
2501 1950 2573 1991 ex
2604 1931 2745 2008 ipsis
2764 1962 2778 1977 ·

2160 2042 2309 2101 quos
2338 2033 2396 2083 et
2422 2025 2720 2101 apostolos

2159 2118 2601 2194 cognominauit
2621 2150 2636 2165 ·

2159 2211 2204 2244 ¹⁴
2224 2212 2530 2271 Simonem
2550 2232 2725 2290 quem
2757 2222 2863 2291 e0g

2160 2306 2485 2366 nominauit
2512 2313 2682 2383 petru
2701 2339 2716 2354 ·

2159 2399 2236 2461 Et
2265 2400 2542 2460 andream
2571 2400 2743 2462 fratre

2158 2534 2282 2593 eius
2305 2565 2319 2580 ·
2380 2535 2652 2594 iacobum
2680 2546 2738 2594 et
2764 2536 2821 2595 io

2159 2628 2418 2687 hannem
2444 2660 2458 2675 ·
2519 2629 2792 2705 filippu--

2160 2734 2217 2781 et
2247 2723 2712 2782 bartholomeum
2736 2754 2749 2770 ·

2158 2815 2203 2850 ¹⁶
2219 2827 2277 2876 et
2305 2817 2663 2876 mattheum·
2708 2828 2767 2878 et

2158 2911 2403 2970 thoman
2432 2943 2446 2958 ·
2508 2912 2781 2970 iacobum

2158 3005 2292 3064 alsei
2316 3037 2330 3052 ·
2394 3015 2452 3064 et
2481 3006 2773 3064 simonem

2160 3100 2262 3177 qui
2287 3110 2529 3159 uocatur
2559 3099 2774 3159 zelotes
2798 3131 2813 3147 ·

2159 3193 2203 3227 ¹⁶
2221 3193 2420 3252 iudam
2443 3193 2632 3253 iacobi
2654 3225 2668 3240 ·
2730 3205 2788 3253 et
2805 3194 2864 3253 iu

2160 3288 2300 3347 dam
2329 3287 2582 3348 scarioth
2611 3289 2712 3365 qui

2158 3381 2263 3440 fuit
2292 3383 2652 3459 proditor—

2157 3475 2202 3509 ¹⁷
2220 3476 2296 3535 Et
2325 3476 2625 3536 descendit
2644 3493 2781 3536 cum

2160 3571 2270 3630 illis
2294 3602 2308 3617 ·
2373 3581 2431 3629 et
2453 3571 2606 3629 stetit
2629 3570 2689 3627 in
2718 3569 2779 3630 lo

2161 3682 2234 3722 co
2270 3663 2579 3739 campestri
2651 3672 2710 3721 et

2160 3758 2330 3816 turba
2357 3755 2780 3832 discipuloru-·

2160 3861 2219 3910 et
2245 3849 2556 3908 multitudo
2587 3850 2761 3925 copio

2161 3963 2226 4004 sa
2253 3944 2441 4021 plebis
2471 3975 2486 3990 ·
2529 3943 2626 4002 Ab
2655 3944 2819 4003 omni

2161 4039 2334 4098 iudea
2403 4046 2462 4096 et
2489 4036 2823 4097 hiemsale-
2844 4068 2859 4085 ·

2160 4143 2219 4194 et
2246 4142 2404 4191 trans
2433 4130 2641 4190 fretum
2664 4162 2679 4179 ·

2160 4237 2219 4288 et
2246 4226 2553 4286 marittima
2576 4226 2683 4301 tyri

3541 350 3616 413 81

2917 533 2982 582 ut
3011 522 3274 583 audirent
3302 542 3438 583 eum

2919 626 2978 674 et
3007 626 3350 676 sanarentur
3377 637 3412 677 a
3440 619 3538 677 lan

2917 711 3199 786 guoribus
3229 712 3349 770 suis
3380 743 3395 758 ·
3459 722 3518 771 et

2917 804 3017 880 qui
3044 806 3406 863 uexabantur
3433 825 3470 864 a

2916 897 3208 973 spiritibus
3231 898 3439 958 inmun

2917 990 3007 1048 dis
3037 1002 3373 1051 curarentur
3390 1025 3405 1039 ·

2915 1081 2961 1117 ¹⁹
2978 1084 3054 1143 Et
3081 1086 3274 1146 omnis
3294 1088 3462 1146 turba
3490 1104 3607 1165 que

2917 1179 3080 1238 rebat
3107 1197 3243 1239 eum
3274 1190 3454 1258 tange

2914 1290 2977 1331 re
3002 1304 3017 1319 ·
3076 1274 3213 1351 quia
3239 1274 3420 1334 uirtus
3450 1274 3525 1335 de

2914 1366 3013 1425 illo
3043 1368 3278 1427 exiebat
3305 1379 3362 1428 et
3390 1387 3494 1428 om

2912 1477 3019 1518 nes
3048 1462 3326 1521 sanabat·
3371 1460 3511 1523 ”Et

2912 1554 3040 1630 ipse
3068 1555 3310 1615 eleuatis
3340 1558 3528 1617 oculis

2912 1647 2974 1705 in
3003 1648 3434 1726 discipulosuos
3454 1682 3468 1698 ·

2912 1740 3138 1801 dicebat
3157 1773 3171 1788 ·
3198 1775 3212 1790 ·
3284 1742 3451 1803 Beati

2913 1853 3200 1912 pauperes
3229 1838 3367 1913 quia
3393 1856 3468 1897 ue

2913 1938 3095 1987 strum
3126 1940 3213 1988 est
3242 1949 3491 2007 regnum

2914 2021 2974 2079 di
2994 2052 3007 2068 ·
3034 2053 3047 2067 ·
3091 2021 3134 2058 ⁸¹
3146 2022 3308 2083 Beati
3331 2026 3431 2101 qui
3453 2044 3614 2087 nunc

3645 544 3770 593 1⁸01.
3785 545 3911 594 100.

2913 2116 3168 2175 esuriunt
3196 2127 3253 2176 et
3276 2118 3473 2177 sitiunt
3491 2151 3508 2167 ·

2911 2209 3046 2286 quia
3074 2209 3184 2287 ipsi
3214 2213 3532 2272 saturabun

2913 2314 3005 2362 tur
3027 2334 3042 2349 ·
3101 2303 3266 2363 Beati
3296 2306 3397 2382 qui
3426 2324 3586 2367 nune

2913 2396 3064 2456 fletis
3083 2428 3097 2443 ·
3169 2399 3304 2476 quia
3331 2400 3585 2477 gaudebi

2915 2530 2986 2589 tis
3009 2560 3025 2576 ·
3069 2527 3115 2561 ²⁸
3135 2529 3299 2590 Beati
3329 2533 3483 2591 eritis

2915 2642 3051 2682 cum
3080 2642 3190 2683 uos
3219 2624 3449 2685 oderint

2912 2717 3185 2777 homines
3255 2729 3312 2778 et
3340 2737 3477 2779 cum

2913 2813 3268 2888 separabunt
3294 2831 3405 2873 uos
3430 2844 3444 2859 ·

2913 2917 2971 2965 et
2998 2925 3136 2964 cum
3165 2906 3374 2966 eicient
3451 2917 3511 2967 et
3539 2926 3616 2971 ex

2913 3002 3244 3078 probabunt
3272 3020 3496 3061 nomen

2912 3105 3175 3154 uestrum
3243 3106 3534 3173 tamqua-

2913 3189 3237 3265 malignum
3257 3220 3272 3234 ·
3357 3208 3509 3266 prop

2912 3293 2998 3341 ter
3029 3282 3210 3340 filium
3240 3282 3491 3343 hominis
3512 3315 3526 3330 ·

2910 3374 2954 3408 ²⁸
2968 3375 3235 3435 Gaudete
3254 3377 3313 3434 in
3331 3377 3426 3435 illa
3443 3377 3536 3436 die
3555 3389 3617 3439 et

2910 3469 3161 3529 exultate
3180 3500 3195 3516 ·
3267 3488 3405 3529 ecce
3434 3477 3531 3529 eni

2912 3581 3136 3622 merces
3163 3575 3358 3623 uestra
3386 3563 3509 3622 mul

2911 3666 2970 3715 ta
3002 3657 3062 3714 in
3092 3657 3257 3715 caelo
3277 3689 3292 3703 ·
3319 3688 3332 3704 ·
3381 3656 3576 3718 Secun

2912 3751 3053 3809 dum
3081 3750 3225 3809 haec
3256 3752 3412 3810 enim
3436 3750 3587 3812 facie

2910 3845 3053 3902 bant
3081 3855 3139 3903 et
3168 3844 3406 3921 profetis
3435 3863 3516 3921 pa

2909 3946 3028 3996 tres
3058 3956 3262 3997 eorum
3286 3969 3301 3985 ·
3325 3972 3407 3980 —

2910 4032 2956 4067 ⁸⁴
2973 4030 3401 4091 Uerumtamen
3429 4049 3543 4092 uae

2910 4125 3084 4184 uobis
3113 4125 3385 4184 diuitibus
3414 4127 3513 4203 qui

2911 4217 3135 4278 habetis
3162 4219 3488 4280 consolatio

2162 4332 2221 4383 et
2241 4321 2463 4382 sidonis
2483 4351 2497 4366 ·
2538 4318 2580 4353 ¹⁸
2592 4319 2690 4397 qui
2713 4338 2865 4379 uene
2913 4331 3050 4372 nem
3080 4324 3337 4372 uestram
3356 4346 3370 4361 ·
3420 4311 3465 4347 ²⁵
3484 4313 3616 4376 Uae

2710 4425 2840 4476 rant

2914 4408 3083 4468 uobis
3111 4408 3212 4488 qui
3242 4410 3478 4469 saturati
3508 4428 3575 4469 es

3460 4505 3534 4563 tis

3245 4628 3289 4668 u
