4414 4917
807 324 889 385 14

505 479 634 530 rol.
656 480 751 529 26.
799 479 1126 540 Hominem
1153 480 1316 541 molli

794 575 905 633 bus
933 574 1201 634 uestitum
1226 600 1240 614 ·

798 687 939 729 ecce
968 674 1070 748 qui
1097 669 1372 730 mollibus

792 766 1120 826 uestiuntur
1138 766 1200 824 in

793 860 1063 921 domibus
1095 878 1302 936 regum

790 966 927 1015 sunt
945 983 958 996 ·
1023 954 1045 987 ⁹
1062 955 1165 1014 sed
1193 954 1336 1031 quid

785 1050 981 1109 existis
1012 1047 1210 1108 uidere

787 1143 1077 1221 profetam
1103 1142 1262 1201 etia*

786 1237 919 1296 dico
949 1237 1120 1295 uobis
1148 1246 1206 1294 et
1233 1252 1331 1293 am

785 1332 938 1410 plius
967 1349 1146 1409 quam
1180 1347 1289 1407 pro

788 1425 906 1485 seta
925 1453 938 1466 ·
1001 1424 1045 1460 ¹⁰
1063 1424 1179 1484 Hic
1210 1434 1299 1484 est
1313 1431 1412 1484 eni

785 1520 860 1580 de
888 1539 1007 1598 quo
1035 1520 1251 1596 scriptu

785 1625 874 1674 est
897 1642 910 1655 ·
995 1633 1137 1674 ecce
1166 1632 1281 1689 ego

785 1710 953 1770 mitto
982 1708 1259 1787 angelum

784 1821 982 1862 meum
1010 1814 1144 1862 ante
1166 1802 1281 1861 faci

783 1917 879 1958 em
909 1910 1067 1956 tuam
1100 1898 1202 1974 qui

780 1993 1144 2070 praeparauit
1176 1991 1316 2049 uia·-

779 2097 942 2147 tuam
971 2096 1104 2145 ante
1132 2097 1187 2145 te
1207 2115 1221 2131 ·

777 2180 819 2213 ¹¹
840 2181 1034 2239 Amen
1063 2181 1199 2240 dico
1223 2181 1393 2240 uobis

778 2294 903 2336 non
932 2276 1175 2335 surrexit

776 2372 923 2430 inter
944 2381 1115 2429 natos
1141 2387 1243 2427 mu

777 2504 985 2564 lierum
1012 2504 1200 2562 maior

776 2599 1029 2659 iohanne
1058 2598 1304 2674 baptista
1327 2621 1341 2637 ·

779 2692 897 2766 Qui
930 2703 1126 2751 autem
1158 2691 1353 2749 minor

777 2797 864 2846 est
895 2787 955 2845 in
985 2804 1170 2862 regno
1198 2803 1304 2844 cae

776 2881 966 2940 lorum
1000 2879 1189 2937 maior

777 2984 865 3033 est
892 2975 944 3032 ei
968 3000 981 3014 ·
1027 2970 1136 3030 ”A
1164 2971 1368 3030 diebus

777 3079 974 3127 autem
1002 3066 1275 3125 iohannis

773 3163 1056 3239 baptistae
1090 3177 1274 3238 usque

772 3275 931 3315 nunc
960 3272 1206 3332 regnum

771 3351 1067 3412 caelorum
1093 3350 1212 3407 uim
1249 3367 1328 3426 pa

769 3448 903 3506 titur
926 3473 938 3485 ·
1003 3455 1060 3504 et
1089 3444 1187 3521 qui
1213 3444 1335 3502 uim

771 3541 986 3601 faciunt
1018 3541 1247 3616 rapiunt

770 3636 910 3695 illud
927 3663 940 3676 ·
964 3662 977 3675 ·
1023 3634 1064 3667 ¹³
1080 3632 1350 3693 Omnnes

769 3731 926 3789 enim
953 3728 1211 3806 profetae
1239 3735 1299 3785 et

770 3826 865 3885 lex
885 3852 898 3865 ·
962 3840 1147 3899 usque
1175 3820 1253 3879 ad

770 3920 1086 3979 iohannem
1115 3914 1283 3993 profe

768 4023 1034 4073 tauerunt
1052 4037 1065 4050 ·
1112 4012 1155 4044 ¹⁴
1177 4020 1236 4069 et
1263 4009 1311 4069 si

767 4109 936 4167 uultis
968 4106 1200 4182 percipe

768 4220 829 4260 re
855 4229 867 4242 ·
932 4201 1056 4277 ipse
1085 4210 1173 4256 est
1199 4197 1317 4255 heli

767 4314 833 4355 as
860 4296 958 4372 qui
984 4303 1262 4352 uenturus

766 4400 891 4449 est·
937 4387 1096 4470 {³qui
1122 4385 1298 4446 habet
1332 4402 1407 4443 au

1299 4497 1393 4537 res

2104 309 2516 374 SECUND-

1558 480 1833 541 audiendi
1865 481 2061 540 audiat
2082 508 2095 522 ·

1558 574 1601 609 ¹⁶
1619 576 1729 635 Cui
1757 585 1951 634 autem
1985 575 2194 634 adsimi

1553 669 1690 729 labo
1718 670 2017 745 generatio

1555 782 1693 824 nem
1727 765 1898 822 istam
1923 790 1936 803 ·
2007 763 2067 822 Si

1551 857 1704 917 milis
1734 868 1819 916 est
1846 858 2037 934 pueris

1550 952 1880 1011 sedentibus
1907 952 1966 1009 in
1998 952 2059 1011 so

1548 1064 1615 1105 ro
1694 1056 1753 1105 et
1780 1046 2052 1104 clamanti

1544 1140 1655 1199 bus
1682 1142 1741 1198 in
1768 1141 2020 1199 inuicem

1546 1235 1836 1293 dicentes·
1881 1233 1925 1267 ¹⁷
1943 1232 2071 1293 Can

1546 1330 1791 1388 tauimus
1818 1330 1988 1389 uobis

1546 1435 1606 1483 et
1633 1442 1752 1484 non
1782 1424 2029 1483 saltastis
2053 1450 2066 1465 ·

1548 1516 2022 1576 Lamentauimus

1545 1612 1716 1670 uobis
1744 1623 1801 1669 et
1830 1630 1951 1671 non
1980 1612 2117 1688 plax

1546 1705 1698 1764 sistis
1721 1736 1735 1750 ·
1778 1704 1822 1738 ¹⁸
1844 1705 2024 1764 Uenit

1542 1800 1829 1859 iohannes
1857 1817 2047 1875 neque

1540 1894 1907 1952 manducans
1933 1912 2012 1953 ne

1540 2006 1655 2064 que
1684 1989 1891 2046 bibens
1909 2014 1922 2028 ·
1987 1998 2046 2047 et

1539 2081 1739 2141 dicunt
1767 2082 2045 2142 demonia

1540 2176 1716 2234 habet
1735 2202 1747 2215 ·
1795 2176 1837 2209 ¹⁹
1856 2175 2033 2235 Uenit

1540 2272 1688 2329 filius
1722 2270 1972 2330 hominis

1537 2364 1901 2423 manducans
1934 2374 1991 2423 et
2020 2363 2079 2422 bi

1537 2500 1717 2558 bens·
1779 2508 1837 2556 et
1865 2497 2066 2556 dicunt

1534 2610 1674 2652 ecce
1705 2591 1886 2651 homo
1914 2609 2097 2650 uorax

1533 2697 1591 2745 et
1618 2696 1850 2763 potator
1906 2686 2029 2761 ppu

1533 2781 1898 2856 plicanorum
1933 2790 1991 2837 et

1531 2886 1905 2952 peccatorum
1939 2873 2055 2931 ami

1534 2987 1669 3029 cus·
1742 2979 1800 3028 et
1827 2968 2071 3027 iustifica

1533 3073 1592 3122 ta
1620 3072 1707 3121 est
1742 3064 2023 3139 sapientia

1530 3178 1566 3217 a
1596 3156 1722 3215 filiis
1752 3158 1867 3214 suis
1891 3184 1903 3196 ·
1927 3188 2011 3199 —

1529 3251 1574 3285 ²⁰
1597 3253 1769 3311 Tunc
1800 3252 1994 3326 coepit
2020 3249 2187 3327 inpro

1529 3366 1734 3424 perare
1765 3344 1976 3404 ciuitati

1530 3442 1639 3499 bus
1736 3441 1796 3497 in
1825 3438 2033 3514 quibus

1530 3535 1678 3593 facte
1708 3541 1841 3593 sunt
1870 3531 2015 3607 pluri

1527 3648 1623 3687 me
1650 3629 1886 3686 uirtutes
1915 3626 2036 3684 eius
2059 3651 2072 3665 ·

1528 3722 1691 3801 quod
1720 3739 1842 3780 non
1872 3720 2093 3796 egerint

1527 3817 1938 3894 paenitentiam
1962 3841 1975 3855 ·

1527 3909 1567 3943 ²¹
1591 3911 1716 3970 Uae
1747 3911 1845 3969 tibi
1874 3908 2142 3969 corazain
2164 3939 2178 3955 ·

1525 4025 1636 4065 uae
1665 4006 1765 4064 tibi
1794 4004 2094 4064 bethsaida
2111 4035 2124 4049 ·

1525 4100 1663 4177 quia
1691 4101 1737 4157 si
1768 4100 1827 4157 in
1855 4108 1982 4174 tyro
2012 4110 2067 4157 et
2097 4098 2147 4158 si

1523 4195 1679 4253 done
1708 4193 1891 4252 factae
1920 4211 1983 4250 es

1528 4284 1852 4368 sent[istae]
1886 4287 2034 4344 uirtu

1524 4392 1608 4442 tes
1638 4399 1785 4459 quae
1815 4381 1962 4440 facte
1992 4388 2124 4439 sunt

2368 481 2428 540 in
2458 482 2626 542 uobis
2707 483 2849 541 olim

2364 576 2563 653 utique
2593 576 2653 635 in
2684 578 2871 637 cilicio

2364 679 2422 728 et
2451 672 2647 730 cinere
2676 672 2849 747 paeni

2363 764 2601 823 tentiam
2629 765 2885 841 egissent

2360 854 2406 890 ¹²
2428 859 2661 918 Tamen
2679 859 2813 918 dico
2828 862 2998 921 uobis
3023 888 3036 901 ·

2360 961 2485 1027 tyro
2514 964 2571 1012 et
2600 954 2789 1012 sidoni

2357 1048 2650 1107 remissius
2676 1049 2780 1107 erit

2358 1140 2418 1197 in
2446 1140 2538 1200 die
2565 1142 2757 1201 iudicii

2358 1253 2535 1310 quam
2562 1237 2729 1295 uobis
2753 1266 2766 1280 ·

2355 1326 2398 1360 ²³
2417 1328 2495 1388 Et
2516 1340 2578 1388 tu
2606 1337 2897 1406 capernass

2352 1441 2504 1499 quae
2531 1441 2713 1499 usque
2742 1424 2817 1483 ad

2353 1518 2579 1576 caelum
2607 1517 2798 1576 exalta

2352 1620 2410 1669 ta
2439 1629 2503 1669 es
2595 1629 2780 1688 usque
2811 1612 2870 1671 in

2351 1704 2643 1763 infernum
2672 1706 2776 1766 des

2350 1800 2567 1858 cendes
2589 1832 2602 1846 ·
2669 1800 2804 1877 quia

2347 1894 2394 1952 si
2427 1894 2486 1950 in
2515 1893 2774 1952 sodomis

2347 1987 2533 2046 factae
2568 1986 2808 2048 fuissent

2345 2083 2584 2140 uirtutes
2611 2100 2724 2157 que

2347 2175 2534 2235 factae
2564 2186 2698 2234 sunt
2726 2177 2785 2234 in
2813 2186 2870 2236 te

2347 2270 2696 2329 mansissent
2722 2288 2792 2328 us

2347 2381 2460 2439 que
2489 2363 2548 2421 in
2577 2364 2822 2423 odiernss

2349 2497 2535 2556 diem·
2584 2498 2627 2532 ²⁴
2646 2507 2839 2557 tamen
2870 2498 2927 2556 di

2342 2612 2416 2652 co
2442 2593 2642 2651 uobis·
2704 2594 2841 2669 quia
2869 2602 2953 2652 ter

2341 2705 2436 2745 rae
2466 2687 2849 2745 sodomorum

2342 2781 2639 2838 remissius
2667 2781 2771 2839 erit
2801 2781 2861 2838 in

2342 2874 2436 2933 die
2465 2872 2657 2932 iudicii
2684 2892 2863 2949 quam

2340 2969 2509 3026 uobis
2527 3000 2625 3018 ·-—
2667 2969 2712 3003 ²⁶
2729 2968 2801 3027 In
2830 2969 2926 3028 illo
2945 2980 3046 3029 te*

2341 3082 2482 3139 pore
2517 3063 2881 3139 respondens

2340 3157 2429 3216 ihs
2452 3157 2593 3215 dixit
2613 3184 2625 3196 ·
2664 3157 2880 3216 confite

2341 3269 2409 3309 or
2436 3251 2536 3308 tibi
2564 3261 2727 3328 pater
2755 3252 2868 3310 dfie

2340 3345 2484 3405 caeli
2512 3355 2568 3404 et
2590 3357 2770 3404 terrae
2795 3371 2807 3385 ·
2853 3345 2989 3422 quia

2340 3440 2695 3498 abscondisti
2734 3438 2879 3498 haec

2341 3551 2377 3591 a
2406 3534 2760 3609 sapientibus
2790 3544 2847 3591 et
2875 3552 2983 3610 pru

2339 3627 2608 3686 dentibus
2637 3637 2693 3686 et
2722 3646 2858 3686 reue

2335 3721 2461 3780 lasti
2490 3740 2558 3780 ea
2587 3721 2876 3798 paruulis·

2335 3812 2478 3874 ²⁶Ita
2499 3827 2663 3891 pater
2685 3821 2828 3892 qum
2860 3816 2940 3874 sic
2964 3815 3025 3874 fu

2335 3909 2377 3968 it
2406 3909 2683 3985 placitum
2712 3919 2846 3967 ante
2876 3918 2934 3968 te
2958 3935 2971 3948 ·

3427 324 3542 388 [x1.
3563 329 3758 378 8-x11.
3776 344 3825 390 4.

3122 483 3249 542 Nisi
3279 484 3427 545 filius
3447 513 3460 526 ·
3514 497 3572 545 et
3601 489 3696 547 cui
3723 488 3762 546 fi
3851 498 4091 551 1¹01.87.

3118 577 3227 637 lius
3254 578 3499 639 uoluerit
3527 600 3591 640 re

3118 670 3344 730 uelare·
3390 670 3433 705 ²⁸
3465 673 3679 735 Uenite

3117 765 3193 824 ad
3223 784 3318 825 me
3346 785 3554 828 omnes
3583 771 3682 847 qui

3115 858 3391 919 laboratis
3449 872 3507 921 et
3535 863 3616 922 ho

3117 955 3298 1013 nerati
3327 956 3466 1014 estis
3495 968 3552 1015 et
3573 976 3607 1015 e

3113 1065 3193 1122 go
3223 1066 3330 1107 uos
3356 1050 3612 1109 reficiam
3638 1088 3651 1102 -

3111 1136 3156 1172 ²⁹
3174 1140 3387 1202 Tollite
3416 1144 3612 1220 iugum
3642 1153 3776 1208 meti

3113 1254 3286 1313 super
3311 1255 3421 1297 uos
3448 1249 3504 1297 et
3533 1240 3620 1299 dis

3114 1332 3226 1389 cite
3254 1350 3289 1390 a
3318 1350 3412 1392 me
3441 1335 3578 1409 quia
3606 1335 3686 1393 mi

3112 1426 3182 1483 tis
3212 1444 3343 1484 sum
3371 1436 3430 1485 et
3458 1428 3620 1486 humi

3109 1518 3179 1577 lis
3208 1521 3386 1580 corde
3412 1548 3424 1561 ·
3471 1532 3527 1581 et
3557 1523 3618 1581 in

3107 1615 3347 1673 uenietis
3375 1617 3633 1692 requiem

3105 1709 3316 1767 animis
3343 1712 3550 1770 uestris
3574 1742 3588 1756 ·

3105 1799 3150 1832 ⁸⁰
3166 1802 3380 1879 Iugum
3407 1805 3565 1864 enim
3592 1824 3791 1866 meum

3104 1914 3284 1956 suaue
3310 1907 3399 1956 est
3473 1908 3531 1957 et
3560 1918 3709 1961 onus

3102 2009 3300 2050 meum
3328 1991 3458 2052 leue
3485 2003 3574 2052 est
3596 2020 3608 2034 ·
3630 2020 3711 2048 ω

3071 2082 3681 2164 *12.¹Ini¹lotempore
3692 2091 3812 2149 abit

3070 2177 3191 2238 *ihs
3220 2181 3473 2239 sabbatis
3501 2201 3605 2258 per

3072 2270 3207 2349 *per
3235 2284 3462 2349 segetes
3488 2299 3501 2313 ·
3572 2275 3661 2335 dis

3104 2367 3273 2444 cipuli
3303 2379 3498 2428 autem
3527 2370 3649 2430 eius

3103 2501 3423 2561 esurierunt
3450 2510 3509 2560 et

3096 2607 3415 2670 coeperunt
3440 2595 3587 2656 uelle

3096 2706 3156 2747 re
3187 2689 3376 2764 spicas
3404 2700 3462 2749 et
3490 2708 3630 2749 man

3098 2782 3345 2841 ducare·
3391 2780 3597 2861 'phari

3095 2878 3176 2934 sei
3205 2888 3401 2934 autem
3427 2879 3605 2937 uiden

3094 2979 3181 3029 tes
3210 2971 3476 3031 dixerunt
3499 2998 3511 3012 ·

3094 3064 3254 3124 Ecce
3284 3066 3549 3142 discipuli
3578 3068 3659 3126 tui

3093 3158 3312 3219 faciunt
3381 3161 3541 3237 quod

3096 3272 3217 3313 non
3246 3254 3377 3312 licet
3404 3254 3595 3315 facere

3095 3348 3155 3404 in
3185 3350 3464 3407 sabbato·
3516 3348 3538 3381 ⁸
3556 3350 3635 3407 At

3096 3442 3221 3518 ipse
3251 3443 3395 3501 dixit
3421 3443 3506 3501 eis
3536 3469 3549 3482 ·

3097 3535 3238 3594 Non
3267 3536 3482 3612 legistis
3509 3536 3648 3614 quid

3096 3628 3235 3689 fecit
3264 3631 3441 3690 dauid
3470 3643 3587 3691 cu‘

3094 3725 3288 3783 esuriit
3318 3725 3441 3802 ipse
3469 3735 3527 3784 et

3093 3818 3193 3893 qui
3222 3836 3357 3876 cum
3385 3819 3485 3879 illo
3512 3829 3676 3880 erant
3696 3847 3710 3861 ·

3090 3912 3112 3944 ⁴
3129 3913 3436 3988 quomodo
3463 3914 3611 3973 intra

2305 4000 2721 4064 ”Omniamihi
2740 4001 3066 4066 tradiwsunt
3089 4007 3171 4065 uit
3197 4009 3258 4064 in
3288 4008 3531 4067 domurn
3560 4010 3620 4068 di
3641 4037 3654 4050 ·

2334 4117 2370 4157 a
2399 4109 2561 4174 patre
2591 4117 2728 4157 meo
2752 4125 2765 4139 ·
2827 4109 2884 4158 et
2913 4117 2988 4158 ne

2332 4210 2433 4251 mo
2461 4193 2624 4251 nouit
2653 4192 2832 4250 filium

2332 4288 2441 4344 nisi
2471 4296 2633 4363 pater
2656 4314 2668 4326 ·
2729 4306 2921 4365 neque

2329 4390 2554 4457 patrem
2582 4381 2711 4458 quis
2738 4384 2901 4441 nouit

3089 4112 3145 4160 et
3173 4120 3355 4177 panes
3383 4120 3574 4179 propo

3089 4196 3316 4254 sitionis
3336 4198 3562 4256 mandu

3087 4291 3242 4349 cauit
3265 4314 3278 4327 ·
3323 4290 3485 4367 quod
3519 4310 3642 4352 non

3086 4382 3295 4444 licebat
3322 4385 3376 4444 ei
3403 4386 3627 4445 mandu
