4414 4917
1360 1372 2052 1467 EDITORIS
2153 1368 2848 1465 NOTULAE

751 1626 828 1685 P.
863 1640 914 1700 5.
958 1625 1083 1685 Fol.
1111 1642 1184 1702 53
1205 1647 1259 1685 a.
1342 1626 1581 1703 Pagina
1608 1629 1746 1686 lectu
1762 1626 2134 1703 perdifficilis,
2154 1627 2313 1683 cuius
2342 1626 2602 1696 lectiones,
2635 1636 2697 1682 ut
2724 1625 2908 1681 minus
2936 1628 3129 1692 certaS,
3137 1617 3459 1697 probabiles

915 1732 1095 1783 tamen
1125 1728 1185 1783 in
1213 1728 1383 1783 lucem
1415 1727 1556 1783 dedi.

750 1822 828 1880 P.
860 1826 913 1882 6.
959 1823 1086 1881 Fol.
1119 1840 1192 1898 53
1214 1823 1262 1882 b.
1347 1825 1385 1883 l.
1424 1841 1491 1897 ¹9
1524 1824 1893 1882 uliscentem:
1939 1823 2253 1881 lescentem
2294 1822 2477 1880 Tisch.

749 1921 827 1981 P.
866 1940 956 1981 10.
999 1921 1125 1979 Fal.
1159 1938 1231 1996 52
1258 1921 1305 1980 b.
1389 1923 1425 1980 l.
1458 1941 1491 1997 3
1525 1931 1638 1997 pro
1680 1921 1780 1978 dffi
1823 1923 2033 1995 lqgrerat
2069 1939 2175 1978 von
2214 1920 2547 1998 Eichenfeld
2582 1921 2741 1979 dfim.
2948 1921 2985 1977 Ι.
3019 1938 3053 1994 9
3085 1918 3332 1976 multos:
3380 1919 3461 1974 ita

914 2022 1087 2078 creda.
1273 2021 1312 2076 l.
1350 2039 1372 2076 1
1393 2039 1414 2078 1
1450 2020 1608 2077 credo
1635 2037 1912 2077 ueneram
1940 2030 1997 2078 et
2024 2019 2351 2078 oblationes
2380 2019 2535 2079 sactu
2572 2019 2581 2098 Ι
2621 2037 2717 2078 rus
2744 2019 2841 2077 sed
2863 2021 3049 2075 omnia
3078 2018 3138 2074 in
3172 2016 3279 2073 hac
3309 2016 3457 2072 linea

917 2120 1087 2176 dubia
1114 2124 1260 2176 sunt.
1506 2120 1544 2175 l.
1580 2137 1650 2175 22
1684 2118 1961 2194 quoniam
1990 2120 2164 2177 credo,

751 2216 831 2276 P.
872 2236 893 2275 1
913 2236 961 2275 1.
1004 2216 1133 2274 Fol.
1166 2232 1235 2290 51
1260 2236 1313 2274 a.
1397 2218 1435 2273 I.
1473 2236 1542 2288 14
1574 2227 1867 2292 oportuno
1895 2218 2069 2274 creda.

752 2314 828 2374 P.
868 2334 886 2371 1
902 2331 956 2390 5.
998 2314 1065 2371 F
1059 2316 1127 2373 ol.
1162 2330 1238 2389 50
1256 2330 1311 2371 a:
1395 2316 1434 2372 l.
1467 2329 1501 2387 5
1537 2309 1619 2394 [et
1661 2310 1765 2395 ait]
1811 2317 1893 2372 ita
1937 2315 2074 2389 legit
2111 2314 2302 2374 Belsh.
2320 2336 2349 2382 ,·
2394 2316 2564 2374 uerba
2594 2315 2738 2373 mihi
2759 2313 2973 2389 quidem
3004 2312 3337 2379 inuisibilia,
3367 2311 3468 2367 sed

914 2417 1055 2473 satis
1082 2414 1259 2491 spatii
1280 2419 1374 2472 est.
1578 2413 1614 2472 l.
1654 2431 1723 2487 13
1755 2432 2019 2490 gessesse
2047 2415 2206 2473 credo
2235 2416 2395 2490 lapsu
2409 2425 2524 2492 pro
2552 2414 2818 2491 gessisse.
3032 2412 3089 2469 ll.
3124 2429 3215 2481 20,
3252 2428 3319 2469 21
3357 2409 3442 2482 in}

917 2514 1130 2571 iustum
1161 2513 1318 2571 enim
1348 2511 1487 2569 mihi
1519 2515 1599 2570 ita
1626 2515 1801 2570 credo.

751 2611 830 2670 P.
865 2630 953 2687 19.
1000 2610 1126 2669 Fol.
1157 2626 1233 2684 45
1256 2631 1310 2668 a.
1395 2611 1630 2686 Pagina
1658 2611 1796 2669 lectu
1810 2611 2185 2689 perdifficilis.
2390 2614 2428 2671 l.
2465 2632 2487 2669 1
2525 2609 2754 2693 [maiori
2783 2621 2839 2670 et
2867 2611 3028 2668 mino
3066 2606 3075 2688 1
3116 2602 3187 2688 ri]
3216 2611 3299 2665 ita
3327 2608 3471 2682 legit

915 2708 1110 2768 Belsh.
1139 2716 1189 2766 et
1211 2711 1354 2767 satis
1368 2709 1754 2785 probabiliter.
2003 2713 2041 2768 I.
2077 2730 2106 2768 2
2121 2730 2145 2768 1
2183 2713 2244 2769 in
2274 2730 2367 2770 me
2397 2713 2616 2769 addidit
2641 2730 2673 2770 e
2702 2720 2820 2786 sup.
2849 2711 2949 2767 lin.
2979 2727 3126 2766 corr.
3158 2727 3228 2765 m.
3248 2718 3312 2782 p.

751 2808 828 2867 P.
864 2826 955 2867 20.
1000 2807 1127 2865 Fol.
1160 2823 1235 2881 45
1260 2808 1308 2864 b.
1389 2811 1425 2866 l.
1456 2811 1491 2865 6
1522 2808 1657 2885 quia
1686 2808 1825 2866 nihil
1854 2810 1935 2865 ita
1962 2811 2135 2866 credo,
2315 2810 2351 2867 l.
2384 2812 2417 2866 8
2454 2806 2651 2891 [festo]
2685 2812 2766 2867 ita
2795 2808 2985 2865 Belsh.
3012 2813 3065 2864 et
3086 2807 3244 2864 credo
3273 2810 3458 2872 recte,-

916 2908 1017 2965 sed
1040 2907 1255 2965 litterae
1273 2917 1447 2981 paene
1481 2914 1840 2965 evanuerunt.
2004 2910 2064 2967 ll.
2097 2926 2152 2980 9,
2190 2927 2262 2967 10
2290 2911 2448 2966 credo
2476 2909 2655 2968 homo
2682 2927 2754 2966 ex
2794 2907 2802 2984 Ι
2839 2906 3085 2964 uinculis
3112 2905 3211 2960 sed
3236 2905 3460 2980 forsan

918 3005 1171 3063 uinculis
1209 3001 1219 3085 Ι
1253 3005 1375 3064 istis
1424 3008 1513 3063 uel
1559 3009 1667 3063 tale
1715 3008 1866 3082 quid.
2096 3008 2132 3065 l.
2193 3028 2264 3083 19
2315 3026 2354 3066 u
2402 3011 2462 3065 in
2512 3009 2814 3066 nobiscum
2870 3006 3263 3082 superscripsit
3313 3023 3460 3062 corr.

916 3124 988 3162 m.
1001 3115 1065 3180 p.

752 3203 831 3262 P.
865 3222 956 3261 21.
999 3200 1126 3259 Fol.
1157 3217 1229 3276 47
1257 3202 1305 3260 b.
1387 3203 1427 3260 l.
1478 3221 1500 3259 1
1551 3199 1850 3283 pro[secti]
1897 3206 1976 3261 ila
2021 3203 2155 3280 legit
2191 3204 2383 3264 Belsh.
2426 3212 2479 3262 et
2515 3211 2579 3263 ut
2614 3205 2771 3262 credo
2814 3210 2953 3261 recte
2973 3223 2999 3270 ,·
3056 3201 3238 3258 deinde
3267 3202 3468 3275 pergit

916 3301 1460 3378 pernauigauimus;
1520 3302 1667 3358 mihi
1686 3303 1900 3377 quidem
1945 3309 2159 3361 tantum
2200 3305 2603 3380 nauigauimus
2646 3305 2861 3361 uisibile
2896 3309 2989 3373 est,
3032 3310 3083 3359 et
3121 3299 3279 3357 credo
3323 3300 3457 3355 sub-

902 3402 1095 3477 potius
1121 3418 1287 3474 quam
1318 3418 1448 3475 per·
1478 3408 1640 3457 antea
1669 3403 1889 3458 stetae'sse.
1972 3402 2010 3459 l.
2060 3417 2094 3475 5
2125 3421 2153 3461 s
2182 3404 2243 3459 in
2274 3402 2504 3479 lystram
2533 3417 2806 3479 superscr.
2849 3423 2995 3461 corr.
3026 3422 3096 3460 m.
3112 3414 3175 3479 p.
3335 3404 3371 3462 l.
3421 3403 3457 3457 6

917 3498 1075 3556 lisiae
1104 3499 1182 3554 ita
1211 3499 1387 3555 creda.
1632 3498 1670 3556 l.
1706 3517 1777 3558 10
1808 3501 2152 3560 deuenimus
2185 3519 2321 3560 cum
2351 3504 2508 3560 uenti
2548 3504 2629 3560 ita
2658 3503 2833 3560 credo.
3076 3502 3114 3560 l.
3149 3520 3220 3559 22
3252 3501 3458 3559 iniuria

918 3605 975 3655 et
1005 3595 1191 3653 multo
1220 3596 1402 3654 dubia.

751 3697 830 3755 P.
864 3714 956 3753 22.
999 3693 1066 3750 F
1059 3694 1126 3753 ol.
1175 3707 1249 3768 47
1271 3713 1324 3752 a.
1406 3695 1443 3754 l.
1494 3714 1516 3751 1
1562 3690 1744 3776 [esse]
1788 3697 1869 3755 ita
1911 3697 2047 3773 legit
2083 3695 2271 3756 Belsh.
2316 3701 2457 3757 satek
2492 3699 2874 3775 probabiliter,
2915 3701 3015 3758 sed
3062 3702 3173 3761 uix
3213 3703 3456 3778 spatium

914 3799 1007 3852 est.
1252 3793 1312 3850 ll.
1348 3812 1370 3849 1
1383 3796 1437 3864 6,
1476 3813 1498 3851 1
1514 3809 1544 3869 7
1575 3805 1633 3853 et
1663 3812 1797 3853 cum
1826 3796 1903 3854 ab
1929 3803 1982 3853 et
2006 3815 2150 3869 nec3
2210 3799 2367 3856 credo
2396 3802 2477 3856 ita
2511 3800 2684 3874 legere
2717 3810 2874 3875 posse
2889 3819 2920 3868 ,·
2975 3801 3075 3857 sed
3096 3800 3264 3859 uerba
3281 3811 3459 3876 paene

913 3897 1272 3950 evanuerunt.

753 3993 831 4054 P.
864 4011 956 4067 23.
1000 3989 1128 4047 Fal.
1161 4003 1234 4065 73
1254 3988 1302 4048 b.
1388 3991 1425 4047 l.
1458 4011 1490 4063 4
1521 4001 1617 4050 et:
1661 4010 1730 4051 ac
1768 3992 1950 4051 Tisch.
2144 3996 2182 4053 l.
2216 3997 2250 4052 8
2281 3995 2522 4053 ninimia
2551 4016 2621 4054 m.
2651 4007 2709 4073 p.
2750 3996 2933 4057 Tisch.
2963 4004 3116 4058 recte.
3306 4000 3345 4057 l.
3386 4017 3457 4073 13

916 4109 955 4149 o
981 4109 1083 4148 sec.
1112 4090 1172 4146 in
1201 4089 1457 4148 oboediri
1485 4103 1757 4168 superscr.
1785 4111 1932 4151 corr.
1963 4112 2034 4154 m.
2060 4103 2118 4168 p.
2144 4115 2160 4169 ;
2202 4094 2421 4154 obediri
2459 4094 2642 4156 Tzkch.
2880 4095 2919 4154 l.
2956 4115 3025 4168 14
3056 4115 3123 4156 a:
3167 4096 3240 4158 de
3273 4096 3458 4159 Tisch.

916 4189 955 4247 I.
994 4206 1064 4263 19
1094 4186 1133 4246 d
1159 4189 1219 4245 in
1247 4186 1458 4249 adstitit
1487 4201 1760 4266 superscr.
1790 4211 1936 4252 corr.
1967 4212 2036 4253 m.
2054 4204 2116 4269 p.

2046 4305 2162 4356 ΕΖ
