4414 4917
598 349 687 400 v1.
709 348 934 412 56-vn.
962 344 1069 409 28.]

282 518 410 568 rol.
431 521 549 573 1'12.
596 512 927 573 uestimenti
957 512 1081 572 eius

595 616 898 683 tangerent
921 638 937 653 ·
1002 616 1060 666 et
1089 604 1239 684 quod

595 701 757 778 quod
784 700 1100 777 tangebant
1127 700 1213 759 sal

650 820 733 848 0-
748 794 807 852 ui
835 794 1051 854 fiebant
1073 821 1155 844 m

533 886 568 925 *
593 893 651 949 7.
682 889 701 920 ¹
718 887 795 946 Et
823 889 1179 948 conueniunt

530 979 565 1018 *
587 981 663 1039 ad
690 1001 826 1041 eum
853 982 1045 1042 farisei

532 1074 567 1113 *
591 1085 648 1134 et
676 1077 914 1154 quidam
942 1078 1013 1137 de
1042 1077 1154 1136 scri

532 1168 567 1208 ²⁸⁸
592 1170 680 1230 bis
741 1172 840 1249 qui
867 1173 1179 1230 ueniebant

589 1266 666 1323 ab
691 1265 1092 1342 hierosolymis
1110 1298 1124 1313 ·

588 1358 612 1393 ¹
632 1358 751 1431 Qui
780 1377 917 1420 cum
943 1360 1208 1421 uiderent

514 1528 523 1533 η
589 1453 877 1529 quosdam
905 1473 979 1513 ex
1009 1454 1155 1513 disci

588 1547 738 1624 pulis
763 1548 886 1606 eius
943 1565 1183 1606 commu

587 1642 760 1700 nibus
786 1642 1055 1700 manibus
1076 1672 1092 1688 ·

588 1733 660 1792 Id
678 1745 768 1794 est
785 1752 910 1793 non
930 1735 1062 1794 lotis
1080 1766 1095 1782 ·
1144 1753 1284 1794 man

587 1826 798 1888 ducare
828 1847 1043 1905 panem
1102 1830 1160 1889 ui

584 1932 997 1999 tuperauerunt
1019 1954 1035 1970 ·

584 2015 840 2077 ’Farisei
866 2017 1027 2077 enim
1056 2027 1115 2077 et
1144 2036 1247 2077 om

582 2128 689 2169 nes
718 2111 869 2169 iudei
928 2111 1038 2170 nisi
1066 2130 1147 2188 pu

582 2204 725 2280 gillo
752 2204 950 2265 lauent
976 2223 1186 2266 manus

584 2317 710 2358 non
738 2300 1094 2359 manducant
1110 2331 1126 2347 ·

585 2391 884 2453 Tenentes
911 2394 1138 2453 traditio

584 2543 728 2585 num
758 2527 1055 2587 seniorum
1075 2559 1089 2574 ·

584 2619 699 2678 ⁴Et
727 2639 762 2678 a
791 2619 919 2679 foro
949 2639 1084 2679 cum
1111 2639 1259 2681 uene

583 2713 695 2772 rint
757 2715 867 2773 nisi
895 2716 1166 2792 baptizen

583 2817 674 2866 tur
700 2808 898 2867 cibum
927 2826 1049 2868 non
1077 2828 1147 2869 ca

585 2902 751 2977 piunt
770 2933 785 2948 ·
845 2903 923 2960 Et
950 2903 1062 2963 alia
1088 2902 1211 2961 mul

583 3003 642 3053 ta
670 3005 803 3055 sunt
832 3015 944 3074 que
972 2997 1178 3056 tradita

583 3100 714 3148 sunt
742 3090 852 3150 illis
878 3109 1106 3150 seruare
1137 3122 1151 3137 ·
1168 3123 1254 3135 —

582 3182 904 3260 baptismos
934 3184 1117 3245 calicfl

580 3287 637 3335 et
663 3294 1005 3337 ureaeorum
1026 3309 1041 3325 ·
1098 3288 1155 3338 et

581 3381 1047 3431 aeramentorum

580 3473 636 3522 et
662 3465 944 3524 lectorum
964 3497 979 3512 ·

580 3556 694 3616 ‘Et
721 3559 1155 3636 interrogabant
1183 3567 1257 3619 eii

579 3653 806 3712 scribae
834 3662 893 3713 et
921 3653 1146 3714 farisaei
1177 3686 1190 3700 -

579 3745 777 3818 Quare
805 3747 1070 3824 discipuli
1097 3748 1179 3807 tui

578 3857 701 3899 non
729 3841 1030 3899 ambulant
1059 3860 1121 3901 se

579 3934 836 3993 cundum
864 3935 1096 3995 traditio

577 4045 715 4086 nem
743 4029 1037 4087 seniorum
1063 4060 1078 4076 ·

580 4119 695 4180 Sed
723 4123 1133 4183 communibus

578 4216 850 4275 manibus
876 4217 1097 4277 mandu

1930 336 2235 398 MARcs
2266 368 2280 383 ·

1345 510 1647 584 Quoniam
1668 511 1821 571 bene
1849 529 1958 588 pro

1345 605 1542 664 fetauit
1568 606 1754 665 esaias
1784 606 1858 665 de

1343 699 1516 759 uobis
1543 699 1857 776 hypocritis

1344 794 1492 853 sicut
1519 795 1796 853 scribtum
1823 805 1910 854 est
1929 827 1945 842 ·

1342 932 1359 959 ‚
1382 885 1641 964 Populus
1668 887 1764 948 hic
1793 888 1959 948 labiis

1340 1025 1358 1054 ,
1381 998 1477 1039 me
1507 980 1759 1040 honorat
1778 1012 1792 1028 ·
1836 999 1937 1040 cor

1339 1116 1355 1145 ‚
1378 1084 1573 1134 autem
1599 1093 1802 1134 eorum
1829 1075 1932 1133 lon

1338 1211 1356 1240 ,
1378 1187 1452 1245 ge
1482 1178 1570 1227 est
1599 1186 1633 1226 a
1660 1187 1756 1227 me
1776 1200 1791 1215 ·
1833 1168 1998 1228 'sine

1338 1305 1356 1334 ,
1375 1280 1553 1321 causa
1579 1273 1774 1321 autem
1801 1262 1999 1322 colunt

1339 1401 1356 1428 ,
1378 1374 1474 1415 me
1494 1388 1509 1403 ·
1574 1356 1849 1416 docentes
1879 1357 1991 1416 doc

1336 1493 1352 1522 ‚
1374 1451 1554 1511 trinas
1615 1460 1889 1528 precepta

1333 1590 1350 1617 ,
1372 1544 1676 1604 hominum
1738 1544 1856 1621 bap

1335 1639 1538 1697 tismos
1565 1637 1811 1698 calicum

1333 1743 1390 1793 et
1417 1750 1757 1791 urcaeorum
1776 1763 1792 1779 ·
1855 1743 1913 1792 et

1336 1828 1447 1886 alia
1475 1826 1680 1885 similia
1708 1844 1858 1904 quae
1887 1826 1946 1886 fa

1337 1922 1463 1982 citis
1491 1920 1775 1997 conplura
1797 1952 1812 1967 ·

1335 2017 1355 2048 ⁸
1374 2015 1790 2091 Relinquentes
1813 2033 1953 2074 man

1337 2110 1538 2169 datum
1566 2109 1628 2168 di
1686 2118 1858 2169 tenen

1336 2216 1422 2264 tes
1450 2205 1785 2265 traditiones
1813 2205 1893 2264 ho

1334 2299 1559 2357 minum
1582 2330 1598 2346 ·
1623 2331 1638 2346 ·
1666 2332 1679 2346 ·
1725 2299 1842 2358 ⁹Et
1869 2299 1999 2359 dice

1334 2392 1435 2451 bat
1463 2393 1572 2452 illis
1631 2396 1781 2453 bene
1809 2394 1917 2451 inri

1333 2539 1459 2585 tum
1487 2525 1699 2587 fecistis
1727 2545 1829 2604 pre

1333 2630 1568 2697 ceptum
1597 2621 1656 2679 di
1717 2631 1779 2680 ut
1812 2630 1899 2679 tra

1332 2713 1613 2773 ditionem
1639 2720 1829 2774 uestra

1332 2810 1593 2867 statuatis
1614 2841 1627 2855 ·
1674 2808 1718 2842 ¹⁰
1735 2827 1969 2887 moyses

1330 2903 1486 2961 enim
1523 2903 1663 2962 dixit
1691 2903 1916 2963 honora

1330 3006 1555 3072 patrem
1585 3007 1746 3056 tuum
1768 3007 1826 3056 et

1329 3100 1576 3150 matrem
1606 3101 1766 3150 tuam
1786 3124 1802 3139 ·

1327 3182 1405 3242 Et
1432 3185 1532 3262 qui
1562 3185 1926 3246 maledixerit

1326 3278 1475 3355 patri
1504 3290 1603 3337 aut
1630 3281 1800 3338 matri

1328 3383 1511 3432 morte
1541 3374 1916 3432 moriatur—

1329 3463 1372 3498 ¹¹
1391 3465 1518 3525 Uos
1546 3477 1739 3526 autem
1769 3468 1953 3528 dicitis

1331 3561 1379 3620 si
1408 3561 1638 3620 dixierit
1666 3561 1847 3622 homo

1328 3656 1475 3731 patri
1505 3673 1613 3715 suo
1640 3665 1739 3714 aut
1767 3674 1867 3715 ma

1323 3749 1395 3807 tri
1423 3767 1640 3809 coruan
1670 3751 1829 3829 quod

1326 3854 1413 3903 est
1443 3843 1667 3903 donum
1692 3877 1706 3892 ·
1772 3847 1933 3923 quod

1326 3955 1577 4017 cumque
1606 3958 1678 3998 ex
1709 3958 1802 3999 me
1832 3940 1934 3999 tibi

1323 4033 1579 4109 proderit
1618 4032 1664 4066 ¹²
1678 4034 1795 4093 iam
1823 4053 1947 4094 non

1324 4127 1566 4186 missum
1594 4128 1777 4188 facitis
1804 4135 1879 4188 εὖ

1323 4222 1637 4299 quicquam
1665 4221 1853 4282 facere

579 4320 712 4369 cant
738 4329 955 4388 panem
980 4343 993 4357 ·
1038 4313 1059 4344 ⁶
1077 4313 1154 4371 At
1184 4313 1274 4374 ille
1324 4316 1475 4391 patri
1503 4326 1603 4375 aut
1631 4317 1798 4375 matri

577 4405 940 4482 respondens
968 4405 1113 4466 dixit

1242 4444 1247 4448 -
1324 4405 1368 4441 ¹⁸
1389 4408 1771 4470 Rescindetes
1797 4428 1900 4471 uer

2144 512 2288 572 bum
2316 510 2374 570 di
2434 530 2540 590 per
2568 513 2715 573 tradi

2145 607 2363 665 tionem
2391 617 2644 666 uestram

2145 700 2378 759 stultam
2436 718 2614 777 quam
2643 710 2731 761 tra

2144 793 2366 853 didistis
2423 803 2480 854 et
2508 795 2637 854 simi

2140 888 2218 946 lia
2243 887 2418 946 huius
2445 889 2607 949 modi
2636 889 2759 949 mul

2140 990 2201 1041 ta
2229 982 2413 1041 facitis
2433 1013 2448 1029 ·
2493 983 2535 1016 ²⁴
2551 984 2629 1041 Et
2657 984 2732 1042 ite

2139 1094 2271 1134 rum
2299 1077 2482 1137 turbis
2538 1078 2665 1138 dice

2140 1169 2242 1229 bat
2268 1170 2380 1230 illis
2399 1202 2413 1217 ·
2473 1172 2669 1230 audite

2139 1282 2235 1323 me
2264 1282 2472 1324 omnes
2500 1276 2557 1324 et
2584 1266 2723 1325 intel

2138 1357 2296 1435 ligite
2321 1389 2336 1404 ·
2380 1356 2426 1391 ¹⁶
2446 1359 2587 1418 nihil
2613 1371 2701 1420 est

2139 1470 2176 1510 a
2202 1451 2342 1511 foris
2370 1453 2626 1514 hominis

2138 1545 2417 1606 introiens
2446 1549 2506 1605 in
2535 1566 2672 1607 eum

2138 1637 2321 1711 Quod
2348 1642 2529 1717 possit
2557 1643 2619 1702 in
2646 1661 2785 1702 eum

2137 1735 2514 1812 coinquinare
2539 1768 2553 1783 ·

2138 1826 2253 1887 Sed
2282 1847 2434 1906 quae
2464 1830 2535 1889 de
2564 1830 2798 1891 homine

2134 1923 2464 1998 procedunt
2495 1924 2590 1983 illa

2118 2016 2271 2075 'sunt
2292 2035 2444 2095 quae
2474 2018 2710 2097 coinqui

2134 2119 2278 2168 nant
2305 2111 2605 2170 hominem
2626 2143 2641 2158 ·

2133 2200 2177 2236 ¹⁶
2195 2204 2255 2264 Si
2285 2205 2416 2282 quis
2444 2205 2618 2265 habet
2645 2225 2813 2267 aures

2131 2298 2403 2357 audiendi
2432 2300 2645 2358 audiat·

2131 2391 2367 2451 ¹⁷Etcum
2377 2394 2666 2454 introisset
2682 2395 2742 2454 in
2754 2395 2833 2456 do

2130 2545 2298 2585 mum
2317 2527 2393 2585 ad
2420 2528 2650 2587 turba--

2134 2622 2565 2698 interrogabant
2591 2629 2667 2682 eii

2133 2715 2401 2792 discipuli
2428 2716 2553 2775 eius
2579 2735 2722 2793 para

2134 2809 2330 2868 bolam
2395 2810 2436 2843 ¹⁸
2451 2810 2529 2869 Et
2557 2811 2634 2869 ait
2661 2812 2770 2872 illis
2794 2844 2809 2860 ·

2134 2902 2231 2963 Sic
2258 2914 2316 2963 et
2344 2922 2454 2964 uos
2481 2905 2770 2983 inpruden

2131 3006 2217 3056 tes
2244 3000 2381 3058 estis
2442 3016 2563 3058 non
2595 3001 2733 3059 intel

2128 3091 2303 3169 ligitis
2362 3093 2522 3170 quod
2551 3112 2728 3155 omne

2129 3187 2488 3247 extrinsecus
2515 3187 2667 3247 intro

2130 3280 2255 3339 iens
2286 3281 2346 3339 in
2375 3280 2676 3340 hominem

2129 3392 2255 3433 non
2284 3384 2475 3452 potest
2502 3394 2641 3435 eum

2129 3470 2511 3546 coinquinare
2530 3500 2545 3516 ·
2591 3470 2635 3504 ¹⁹
2656 3469 2787 3530 Nec

2127 3563 2286 3621 enim
2313 3563 2527 3623 introiit
2555 3564 2617 3623 in

2127 3674 2229 3716 cor
2255 3658 2382 3715 eius
2445 3658 2548 3716 sed
2574 3658 2637 3716 in

2127 3760 2390 3809 uentrem
2451 3761 2508 3809 et
2536 3751 2596 3809 in
2627 3770 2690 3812 se

2127 3862 2360 3904 cessum
2387 3844 2526 3904 exiit

2126 3956 2385 4016 purgans
2414 3955 2622 3998 omnes

2126 4050 2330 4092 aescas
2350 4064 2363 4078 ·
2386 4064 2399 4078 ·
2421 4065 2434 4079 ·
2479 4028 2525 4064 ²⁰
2547 4031 2795 4094 Dicebat

2125 4138 2322 4186 autem
2356 4127 2636 4204 quoniam

2124 4240 2275 4300 quae
2306 4222 2379 4281 de
2408 4221 2646 4281 homine
2674 4241 2748 4280 ex

2123 4326 2266 4376 eunt
2328 4316 2421 4374 illa
2447 4316 2685 4393 coinqui

2123 4420 2266 4469 nant
2294 4410 2595 4470 hominem

3480 362 3592 411 121

2895 512 2935 548 ’¹
2955 515 3053 575 Ab
3079 515 3236 576 intus
3262 519 3420 577 enim
3449 519 3523 578 de
3625 536 3751 587 τοι.
3774 520 3893 589 1⁰78.

2895 609 3071 669 corde
3100 610 3412 671 hominum
3441 646 3454 661 ·

2895 705 3282 779 cogitationes
3312 725 3413 767 ma

2891 796 2946 856 le
2974 799 3298 874 procedunt
3318 831 3332 847 ·

2893 892 3170 951 adulteria
3193 924 3208 940 ·
3251 890 3496 955 ”furta-

2896 984 3302 1047 fornicationes
3333 1020 3347 1035 ·

2893 1078 3206 1139 homicidia
3264 1083 3426 1141 auari

2890 1173 2970 1231 tia
3032 1175 3285 1252 nequitia
3305 1208 3318 1222 ·
3380 1176 3552 1238 dolus

2889 1266 3230 1344 inpudicitia
3251 1301 3265 1316 ·
3311 1288 3428 1329 ocu

2888 1360 2980 1419 lus
3009 1362 3197 1421 malus
3256 1363 3438 1423 blasfe

2889 1455 3040 1512 mia·
3106 1458 3379 1533 superbia
3401 1490 3417 1505 ·

2888 1545 3119 1609 stultitia
3141 1581 3156 1596 ·
3200 1548 3245 1583 ²³
3261 1553 3463 1612 omnia

2888 1641 3036 1702 haec
3065 1643 3219 1702 mala
3246 1646 3323 1703 ab
3350 1646 3509 1708 intus

2888 1737 3214 1813 procedunt
3242 1748 3300 1797 et
3328 1757 3402 1798 co

2886 1829 3194 1906 inquinant
3221 1831 3384 1890 homi

2886 1941 3022 1982 nem
3046 1955 3060 1969 ·
3082 1954 3097 1969 ·
3119 1954 3134 1970 ·
3177 1921 3221 1956 ²⁴
3236 1925 3313 1983 Et
3341 1944 3589 2004 surgens

2883 2015 3017 2075 inde
3046 2018 3186 2077 abiit
3214 2018 3274 2077 in
3302 2018 3420 2078 fine

2883 2110 2993 2186 tyri
3022 2120 3079 2169 et
3108 2111 3329 2171 sidonis
3350 2142 3365 2160 ·
3425 2125 3484 2173 et

2883 2204 3161 2265 introiens
3189 2206 3251 2263 in
3279 2206 3460 2267 domi-1

2881 2298 3178 2357 neminem
3207 2300 3442 2360 uolebat

2883 2391 3029 2452 scire
3048 2423 3063 2438 ·
3085 2425 3099 2439 ·
3160 2402 3217 2451 et
3245 2412 3368 2453 non
3396 2396 3589 2474 potuit

2885 2524 3058 2583 latere
3079 2556 3094 2571 ·
3141 2523 3185 2558 ²³
3204 2526 3478 2604 Cumque

2884 2618 3140 2678 audisset
3169 2619 3240 2678 de
3270 2621 3368 2680 illo
3397 2640 3502 2681 mu

2883 2712 2986 2771 lier
3044 2713 3210 2773 cuius
3239 2713 3358 2773 filia
3384 2714 3464 2775 ha

2883 2806 3057 2865 bebat
3088 2811 3221 2883 spm
3249 2809 3458 2869 inmun

2885 2899 3029 2959 dum
3050 2932 3066 2947 ·
3129 2900 3308 2961 Uenit
3336 2913 3396 2962 et

2884 2995 3133 3071 procidit
3162 3005 3294 3055 ante
3324 3015 3399 3073 pe

2885 3087 2987 3148 des
3014 3090 3140 3149 eius
3163 3120 3177 3136 ·
3204 3123 3216 3137 ·
3262 3091 3443 3151 ¹⁶erat

2884 3193 3079 3241 autem
3108 3185 3313 3243 mulier

2881 3294 3057 3352 greca
3085 3278 3349 3353 syrafinis

2882 3388 3080 3446 sagere
3103 3401 3116 3415 ·
3141 3401 3156 3416 ·
3216 3381 3274 3430 et
3300 3390 3445 3448 roga

2880 3462 2979 3521 bat
3007 3481 3144 3522 eum
3205 3475 3268 3524 ut
3294 3467 3462 3542 expel

2877 3556 3016 3615 leret
3045 3556 3320 3616 demoniii

2880 3650 3029 3709 filiae
3058 3651 3182 3709 eius
3201 3683 3214 3697 ·
3260 3649 3304 3685 ²⁷
3323 3651 3400 3711 Et
3428 3654 3507 3712 ait

2880 3743 2970 3803 ihs
2998 3743 3072 3802 ad
3102 3745 3259 3803 illam
3282 3777 3295 3791 ·
3357 3747 3482 3805 sine

2879 3839 3038 3915 prius
3068 3848 3304 3899 saturen

2878 3941 2970 3989 tur
2999 3932 3098 3990 filii
3118 3963 3134 3979 ·
3194 3951 3315 3992 non
3346 3943 3433 3992 est

2877 4027 3035 4085 enim
3065 4028 3290 4085 bonum
3323 4046 3390 4087 ac

2877 4121 3066 4197 cipere
3095 4138 3309 4197 panem
3339 4121 3378 4179 fi

2875 4214 3081 4272 liorum
3141 4224 3199 4273 et
3224 4215 3372 4274 catel

2875 4308 2945 4367 lis
2980 4310 3204 4367 mittere
3227 4339 3242 4354 ·
3285 4307 3328 4342 ²⁸
3346 4320 3403 4369 at
3433 4311 3472 4372 il

2875 4403 2932 4461 la
2959 4403 3255 4481 respondit
3275 4404 3330 4465 ei

3213 4506 3247 4545 κ
