4414 4917
585 357 876 419 11.17-111.
908 353 1017 418 15.]

333 521 457 571 τοι.
482 523 536 572 5.
580 519 596 548 ‘
618 515 725 575 Per
751 514 1091 575 hieremiam

579 613 596 642 ‘
616 609 903 686 profetam
932 610 991 669 di

576 709 591 735 ‘
613 715 838 764 centem
862 729 876 743 ·
942 703 1113 763 ¹⁸uox

578 803 593 829 ‘
614 799 674 857 in
701 816 865 859 rama
893 799 1029 857 audi

578 900 593 927 ⁶
612 904 671 952 ta
696 902 784 952 est
809 930 821 943 ·
884 892 1053 969 plora

579 990 594 1016 ‘
616 996 706 1045 tus
734 997 790 1046 et
816 987 1066 1045 ululatus

577 1087 591 1112 ⁸
611 1081 822 1141 multus
845 1108 858 1121 ·
924 1100 991 1140 ra

572 1180 589 1208 ⁸
610 1175 736 1235 chel
762 1193 1007 1253 prorans
1035 1175 1075 1232 fi

573 1269 714 1331 ‘lios
741 1287 918 1329 suos·
983 1278 1040 1329 et
1067 1288 1147 1328 no

572 1364 709 1423 ‘luit
735 1363 1024 1424 consolari

571 1462 588 1490 ‘
608 1460 741 1535 quia
769 1476 893 1518 non
921 1471 1057 1517 sunt
1081 1484 1093 1498 ·

571 1552 913 1612 ”Defuncto
942 1561 1138 1610 autem

571 1646 788 1707 herode
813 1678 826 1692 ·
889 1646 1047 1705 Ecce

570 1741 811 1818 angelus
840 1740 940 1798 dni
968 1758 1045 1818 ap

570 1836 754 1913 paruit
779 1836 841 1893 in
869 1853 999 1895 som

570 1930 658 1990 nis
685 1928 889 2006 ioseph
917 1930 977 1986 in
1006 1948 1074 1988 ae

570 2035 749 2102 gypto
774 2025 1030 2083 ²⁰dicens
1053 2050 1066 2064 ·

573 2119 755 2197 Surge
785 2119 985 2195 accipe
1013 2137 1092 2195 pu

565 2233 725 2274 erum
756 2226 813 2274 et
839 2218 985 2273 mtre

566 2308 686 2368 eius
713 2319 771 2368 et
798 2308 949 2367 uade
978 2308 1039 2366 in

563 2450 772 2502 terram
800 2441 867 2501 isl
891 2467 905 2481 ·
969 2458 1101 2501 mor

566 2538 643 2594 tui
672 2546 806 2596 sunt
833 2537 988 2596 enim
1017 2537 1119 2612 qui

568 2633 885 2708 querebant
912 2632 1008 2689 ani

562 2744 717 2785 mam
745 2726 939 2802 pueri·

1800 344 1934 405 MA
1953 345 2012 404 T
2011 335 2271 406 THEU
2284 377 2298 391 ·

1331 515 1402 573 In
1431 515 1728 575 ciuitatem

1327 628 1479 686 quae
1507 619 1750 668 uocatur

1326 703 1600 763 nazareth
1621 734 1635 748 ·
1692 714 1755 763 ut

1326 798 1736 876 adimpleretur

1325 892 1486 969 quod
1515 893 1735 951 dictum

1324 996 1412 1045 est
1438 1005 1545 1064 per
1566 986 1733 1064 prose

1322 1090 1411 1139 tas
1433 1106 1447 1121 ·
1512 1081 1648 1157 quia
1675 1098 1823 1141 nazo

1321 1192 1453 1234 reus
1485 1176 1696 1236 uocabi

1321 1279 1412 1327 tur
1435 1296 1447 1310 ·
1479 1296 1562 1324 st*
1628 1295 1710 1320 ω
1778 1296 1861 1324 se-

1322 1389 1860 1418 mmmm

1268 1454 1297 1487 *
1318 1464 1375 1518 3.
1420 1458 1520 1515 ¹In
1548 1455 1655 1517 illis
1683 1458 1887 1517 diebus
1906 1483 1918 1497 ·

1267 1549 1296 1582 ‘¹
1316 1552 1477 1611 uenit
1504 1550 1681 1611 iohan

1269 1648 1301 1682 '⁸'
1321 1665 1426 1705 nes
1457 1646 1706 1723 baptista
1731 1678 1744 1691 ·

1270 1738 1299 1771 *
1318 1738 1342 1770 ²
1360 1740 1669 1818 predicans
1696 1741 1756 1797 in

1272 1833 1299 1865 *
1322 1836 1552 1894 deserto
1579 1833 1712 1893 iude

1271 1926 1300 1959 *
1321 1948 1391 1988 ae
1410 1955 1423 1968 ·
1488 1929 1719 1989 dicens·
1782 1946 1856 2004 pe

1270 2022 1299 2055 *
1320 2024 1618 2083 nitentiam
1646 2024 1741 2100 agi

1271 2117 1298 2149 *
1321 2129 1376 2178 te
1434 2118 1726 2195 adpropin

1313 2214 1511 2289 quauit
1537 2212 1694 2272 enim

1314 2324 1559 2385 regnum
1588 2305 1783 2365 celort'i

1313 2439 1463 2498 ³Hic
1493 2448 1580 2498 est
1608 2437 1765 2496 enim
1793 2436 1893 2513 qui

1316 2534 1504 2594 dictus
1532 2544 1619 2592 est
1644 2560 1656 2572 ·
1721 2551 1825 2608 per

1312 2631 1532 2688 esaiam
1562 2626 1725 2705 profe

1312 2734 1432 2783 tam
1459 2723 1750 2782 dicentem
1775 2747 1788 2759 ·

2133 515 2550 593 Hierosolyma
2572 541 2584 553 ·

2132 619 2191 669 et
2219 610 2414 668 omnis
2448 610 2622 669 iudea

2130 715 2188 762 et
2218 704 2388 764 omnis
2415 704 2668 781 regionis

2130 798 2428 858 iordannis
2449 837 2462 851 ·
2527 799 2548 831 ⁶
2566 809 2625 858 et

2127 891 2569 969 baptizabantur

2124 985 2186 1044 in
2214 987 2500 1047 iordanne

2123 1079 2303 1141 fluuio
2330 1084 2405 1141 ab
2431 1083 2530 1141 illo
2549 1107 2563 1123 ·

2123 1176 2468 1235 confitentes
2494 1194 2604 1252 pec

2122 1277 2253 1327 cata
2280 1288 2417 1328 sua·
2474 1269 2585 1329 ⁷Ui

2122 1362 2270 1422 dens
2296 1374 2489 1423 autem
2518 1364 2640 1423 mul

2123 1467 2216 1517 tos
2246 1458 2588 1517 fariseoru‘·

2121 1562 2179 1609 et
2209 1551 2574 1612 sadduceorss

2117 1646 2451 1715 uenienites
2486 1646 2561 1706 ad

2120 1740 2474 1816 baptismum
2502 1759 2573 1799 su

2121 1839 2225 1879 um
2246 1848 2258 1861 ·
2325 1822 2467 1880 dixit
2495 1824 2578 1882 eis
2603 1854 2616 1868 ·

2120 1914 2440 1991 Progenies
2467 1917 2602 1993 nipe

2120 2027 2314 2067 rarum
2335 2035 2348 2047 ·
2411 2011 2541 2087 quis

2119 2103 2372 2163 ostendit
2399 2106 2566 2164 uobis

2120 2197 2319 2275 fugere
2348 2200 2424 2257 ab
2450 2200 2536 2257 ira

2116 2290 2304 2351 futura
2328 2320 2340 2333 ·
2405 2293 2602 2352 ‘'facite

2116 2444 2259 2503 ergo
2287 2423 2539 2486 fructum

2115 2525 2359 2602 dignum
2383 2526 2660 2603 paeniten

2115 2620 2228 2678 tiae
2249 2647 2261 2660 ·
2322 2620 2412 2678 ⁹et
2440 2620 2616 2679 nolite

2114 2713 2366 2790 preferre
2386 2732 2496 2774 uos

2115 2809 2374 2868 dicentes
2400 2809 2551 2867 intra

2895 517 2973 577 Et
3001 517 3061 576 in
3089 516 3289 595 ignem
3318 520 3426 579 mit

2893 621 3041 670 tetur
3065 638 3077 651 ·
3140 611 3327 689 11Ego

2891 705 3129 781 quidem
3157 707 3320 784 bapti

2891 818 2964 859 zo
2990 818 3102 859 uos
3129 801 3190 859 in
3219 802 3396 878 paeni

2889 893 3160 952 tentiam·
3221 896 3324 971 qui

2886 998 3081 1046 autem
3111 997 3246 1064 post
3274 1007 3372 1048 me

2885 1082 3050 1140 uenit
3070 1081 3271 1142 fortior

2886 1191 2982 1233 me
3010 1185 3129 1235 est·
3187 1176 3351 1236 cuius

2887 1287 3010 1328 non
3039 1287 3170 1328 sum
3202 1270 3416 1346 dignus

2883 1362 3267 1422 calciamenta

2885 1467 3117 1533 portare
3141 1488 3154 1502 ·
3210 1458 3338 1535 ipse

2888 1567 3000 1611 uos
3033 1551 3348 1629 baptizauit

2885 1644 2947 1704 in
2977 1650 3088 1720 spu
3117 1653 3222 1704 sco
3249 1655 3307 1705 et
3335 1646 3395 1724 ig

2884 1740 2946 1798 ni
2966 1764 2980 1778 ·
3037 1737 3082 1771 ¹²
3094 1739 3343 1799 Habens

2883 1834 3270 1893 uentilabrum

2882 1926 2945 1986 in
2979 1946 3157 1987 manu
3188 1948 3295 1988 sua
3324 1957 3336 1969 ·

2881 2019 2958 2080 Et
2978 2022 3390 2099 permundabit

2879 2133 3076 2175 aream
3106 2133 3272 2176 suam
3298 2145 3310 2158 ·

2878 2209 2957 2268 Et
2985 2213 3369 2288 congregabit

2881 2305 3132 2364 triticum
3153 2307 3212 2363 in
3241 2306 3352 2365 hor

2879 2456 3042 2498 reum
3064 2471 3078 2485 ·
3132 2438 3335 2517 paleas

2878 2542 3074 2592 autem
3103 2536 3300 2593 conbu

2875 2638 2961 2687 ret
2989 2629 3110 2704 igni
3139 2629 3274 2688 inex

2871 2722 3154 2799 tInguibili
3183 2749 3265 2780 -es

3485 2752 3576 2803 dni

3648 523 3773 575 1¹01.
3799 527 3853 575 6.

2824 2827 2906 2853 m
2941 2814 3052 2879 lege
3070 2815 3120 2863 in
3137 2831 3271 2879 appa
3289 2815 3520 2868 titionem
3555 2833 3640 2860 *t*

2820 2894 2849 2928 ²*
2872 2895 2916 2928 ¹³
2927 2895 3102 2954 Tunc
3136 2897 3295 2955 uenit
3323 2898 3414 2958 ihs

2818 2989 2848 3021 '⁸‘
2868 3008 2903 3048 a
2931 2990 3141 3067 galilea
3169 2989 3245 3048 ad
3277 2991 3367 3050 ior

2821 3083 2851 3115 ¹⁸¹
2872 3083 3105 3143 dannen
3134 3083 3210 3142 ad
3236 3084 3296 3143 io

2818 3178 2847 3211 *
2870 3177 3162 3237 hannem·
3219 3189 3285 3237 ut

2815 3275 2844 3308 *
2867 3273 3250 3348 baptizaretur

2812 3369 2842 3401 ¹⁸¹
2863 3367 2940 3425 ab
2968 3384 3042 3425 eo
3068 3393 3081 3407 ·
3138 3365 3249 3424 ¹⁴et
3276 3385 3387 3443 pro

2862 3462 3059 3521 ibebat
3087 3478 3223 3519 eum
3249 3461 3308 3518 io

2863 3556 3090 3615 hannes
3118 3554 3318 3613 dicens
3341 3584 3355 3599 ·

2862 3650 2999 3727 Ego
3027 3667 3062 3708 a
3090 3660 3146 3710 te
3175 3648 3365 3708 debeo
3392 3650 3509 3727 bap

2863 3744 3020 3804 tizari
3049 3754 3107 3803 et
3135 3754 3233 3803 tue

2858 3839 2951 3899 nis
2976 3838 3054 3898 ad
3081 3855 3175 3897 me
3200 3871 3212 3884 ·
3240 3870 3251 3883 ·
3287 3870 3301 3884 ·

2859 3931 3311 4009 ¹⁶Respondens
3339 3949 3416 3990 au

2861 4038 2983 4088 tem
3012 4027 3101 4087 ihs
3129 4026 3271 4084 dixit
3299 4027 3353 4085 ei
3378 4052 3391 4065 ·

2864 4121 3005 4182 Sine
3032 4121 3214 4180 modo
3235 4147 3248 4160 ·
3308 4121 3391 4180 sic

2860 4219 3018 4278 enim
3045 4215 3213 4274 decet
3238 4233 3351 4275 nos

3106 4341 3209 4381 132

1311 2817 1448 2878 on
1479 2815 1782 2876 clamantis

1309 2913 1371 2972 in
1399 2913 1628 2971 deserto
1698 2928 1776 2986 pa

1310 3015 1429 3066 rate
1455 3005 1613 3064 uiam
1642 3003 1741 3063 dni
1765 3028 1778 3041 ·

1310 3111 1496 3161 rectas
1524 3099 1695 3158 facite

1312 3197 1544 3255 semitas
1577 3195 1700 3254 eius
1723 3219 1736 3232 ·

1309 3287 1477 3369 ⁴Ipse
1504 3300 1698 3349 autem
1727 3287 1785 3346 io

1310 3385 1535 3444 hannes
1562 3384 1763 3442 habuit

1308 3481 1583 3539 uestitum
1617 3490 1766 3538 suu*
1789 3505 1803 3519 ·

1313 3575 1383 3634 de
1406 3574 1537 3651 pilis
1566 3572 1774 3632 cameli
1799 3598 1811 3612 ·

1309 3679 1366 3728 et
1396 3685 1545 3727 zona
1574 3667 1801 3744 pellicia

1312 3781 1486 3840 super
1514 3761 1748 3820 lumbos

562 2819 689 2879 ”Et
716 2837 963 2897 surgens
990 2838 1130 2880 acce

560 2915 643 2992 pit
669 2933 913 2992 puerum
942 2924 1001 2974 et

561 3019 805 3069 matrem
832 3010 956 3068 eius

560 3114 617 3164 et
644 3105 804 3163 uenit
830 3105 891 3162 in
919 3114 1110 3163 terra-

561 3198 628 3257 isl
648 3230 662 3244 ·
721 3199 1038 3258 ”Audiens

560 3305 751 3354 autem
780 3292 937 3371 quod
964 3311 1028 3351 ar

562 3388 796 3447 chelaus
824 3405 1007 3464 regna

561 3493 644 3542 ret
670 3484 731 3541 in
764 3482 937 3540 iudea

562 3595 669 3654 pro
702 3576 920 3636 herode
947 3594 1026 3653 pa

561 3682 641 3732 tre
669 3689 780 3731 suo
808 3671 996 3729 timuit

559 3767 688 3826 illuc
715 3767 796 3825 ire
822 3796 835 3811 ·
899 3766 999 3826 Ad

563 3862 817 3921 monitus
846 3866 977 3919 aute

559 3958 618 4017 in
646 3956 871 4017 somnis
890 3982 904 3996 ·
962 3954 1053 4016 Re

560 4054 728 4113 cessit
755 4053 816 4111 in
843 4052 1019 4129 partis

561 4148 798 4224 galileae
823 4172 836 4184 ·
880 4145 989 4204 ²³et
1016 4165 1088 4205 ue

563 4242 724 4302 niens
751 4240 1033 4300 habitauit
1052 4245 1089 4304 †

2112 2921 2225 2962 uos
2247 2935 2260 2949 ·
2323 2914 2545 2981 patrem

2111 2997 2396 3057 habemus
2422 2999 2566 3056 abra

2109 3093 2249 3151 ham
2271 3122 2285 3138 ·
2348 3091 2482 3151 dico
2511 3099 2608 3150 eni

2112 3187 2283 3246 uobis
2304 3193 2447 3264 qum
2475 3203 2556 3261 po

2113 3290 2244 3340 tens
2269 3290 2358 3340 est
2387 3280 2457 3338 ds
2526 3298 2600 3338 ex

2111 3373 2398 3452 lapidibus
2427 3374 2550 3433 istis
2574 3407 2587 3420 ·

2112 3470 2387 3529 suscitare
2420 3468 2569 3527 filios

2111 3565 2284 3622 abrae
2305 3589 2318 3602 ·
2376 3560 2563 3621 ¹⁰Iam

2110 3660 2270 3717 enim
2304 3658 2521 3716 securis

2109 3754 2186 3813 ad
2215 3753 2437 3813 radices
2466 3752 2608 3809 arbo

2108 3867 2239 3908 rum
2265 3847 2455 3924 posita
2481 3855 2568 3905 est
2590 3875 2604 3891 ·

2109 3943 2324 4005 Omnis
2353 3960 2496 4017 ergo
2525 3958 2590 4000 ar

2109 4042 2219 4098 bor
2286 4057 2436 4116 quae
2466 4055 2590 4096 non

2106 4134 2245 4194 facit
2271 4133 2518 4192 fructum

2106 4229 2332 4288 bonum
2358 4227 2654 4286 excidetur

1311 3858 1435 3918 eius
1458 3883 1471 3897 ·
1529 3874 1664 3916 esca
1690 3860 1823 3914 aute

1310 3953 1434 4012 eius
1462 3960 1582 4010 erat
1610 3951 1775 4010 locus

1307 4057 1398 4106 tae
1427 4056 1484 4106 et
1512 4044 1627 4104 mel
1657 4045 1828 4105 silues

1309 4150 1391 4200 tre
1418 4179 1431 4192 ·
1474 4141 1496 4173 ³
1516 4152 1652 4200 tunc
1679 4140 1804 4200 exsi

1310 4236 1483 4293 ebant
1509 4234 1584 4293 ad
1611 4253 1747 4295 eum
