<?xml version="1.0" encoding="UTF-8"?>
<!DOCTYPE html PUBLIC "-//W3C//DTD XHTML 1.0 Transitional//EN"
    "http://www.w3.org/TR/xhtml1/DTD/xhtml1-transitional.dtd">
<html xmlns="http://www.w3.org/1999/xhtml" xml:lang="en" lang="en">
 <head>
  <title>
</title>
<meta http-equiv="Content-Type" content="text/html;charset=utf-8" />
  <meta name='ocr-system' content='tesseract 3.04.00' />
  <meta name='ocr-capabilities' content='ocr_page ocr_carea ocr_par ocr_line ocrx_word'/>
</head>
<body>
  <div class='ocr_page' id='page_1' title='image "./oldlatinbiblica00wordgoog_0149.png"; bbox 0 0 4414 4917; ppageno 0'>
   <div class='ocr_carea' id='block_1_1' title="bbox 632 319 3641 401">
    <p class='ocr_par' dir='ltr' id='par_1_1' title="bbox 632 319 3641 401">
     <span class='ocr_line' id='line_1_1' title="bbox 632 319 3641 401; baseline 0.001 -23"><span class='ocrx_word' id='word_1_1' title='bbox 632 331 697 382; x_wconf 88' lang='lat' dir='ltr'>x.</span> <span class='ocrx_word' id='word_1_2' title='bbox 716 324 904 394; x_wconf 55' lang='lat'><strong>6-34]</strong></span> <span class='ocrx_word' id='word_1_3' title='bbox 1960 319 2312 382; x_wconf 81' lang='lat' dir='ltr'><em>LUCAN-</em></span> <span class='ocrx_word' id='word_1_4' title='bbox 3559 320 3641 401; x_wconf 84' lang='lat'>89</span> 
     </span>
    </p>
   </div>
   <div class='ocr_carea' id='block_1_2' title="bbox 330 495 3928 4187">
    <p class='ocr_par' dir='ltr' id='par_1_2' title="bbox 330 495 3928 4187">
     <span class='ocr_line' id='line_1_2' title="bbox 330 495 3928 575; baseline 0.001 -19"><span class='ocrx_word' id='word_1_5' title='bbox 330 512 462 568; x_wconf 65' lang='lat' dir='ltr'>rol.</span> <span class='ocrx_word' id='word_1_6' title='bbox 493 518 609 567; x_wconf 72' lang='grc' dir='ltr'>ω,</span> <span class='ocrx_word' id='word_1_7' title='bbox 634 497 795 575; x_wconf 85' lang='lat' dir='ltr'>pacis</span> <span class='ocrx_word' id='word_1_8' title='bbox 814 529 829 543; x_wconf 91' lang='lat'><strong>·</strong></span> <span class='ocrx_word' id='word_1_9' title='bbox 892 496 1197 575; x_wconf 87' lang='lat' dir='ltr'>requiescit</span> <span class='ocrx_word' id='word_1_10' title='bbox 1384 495 1574 558; x_wconf 84' lang='lat' dir='ltr'>sactae</span> <span class='ocrx_word' id='word_1_11' title='bbox 1601 508 1736 558; x_wconf 88' lang='lat' dir='ltr'>sunt</span> <span class='ocrx_word' id='word_1_12' title='bbox 1755 528 1770 545; x_wconf 91' lang='lat'><strong>·</strong></span> <span class='ocrx_word' id='word_1_13' title='bbox 1835 499 1977 559; x_wconf 88' lang='lat' dir='ltr'>olim</span> <span class='ocrx_word' id='word_1_14' title='bbox 2187 498 2333 559; x_wconf 91' lang='lat' dir='ltr'>caeli</span> <span class='ocrx_word' id='word_1_15' title='bbox 2361 509 2420 560; x_wconf 91' lang='lat' dir='ltr'>et</span> <span class='ocrx_word' id='word_1_16' title='bbox 2448 510 2627 560; x_wconf 89' lang='lat' dir='ltr'>terrae</span> <span class='ocrx_word' id='word_1_17' title='bbox 2649 531 2663 546; x_wconf 92' lang='lat'><strong>·</strong></span> <span class='ocrx_word' id='word_1_18' title='bbox 2941 498 3019 559; x_wconf 92' lang='lat' dir='ltr'>Et</span> <span class='ocrx_word' id='word_1_19' title='bbox 3046 500 3108 560; x_wconf 90' lang='lat' dir='ltr'>in</span> <span class='ocrx_word' id='word_1_20' title='bbox 3137 509 3260 560; x_wconf 90' lang='lat' dir='ltr'>tota</span> <span class='ocrx_word' id='word_1_21' title='bbox 3288 500 3483 559; x_wconf 90' lang='lat' dir='ltr'>anima</span> <span class='ocrx_word' id='word_1_22' title='bbox 3505 510 3607 560; x_wconf 88' lang='lat' dir='ltr'>tua</span> <span class='ocrx_word' id='word_1_23' title='bbox 3624 529 3639 549; x_wconf 90' lang='lat'><strong>·</strong></span> <span class='ocrx_word' id='word_1_24' title='bbox 3666 519 3790 571; x_wconf 67' lang='grc' dir='ltr'>ποι,</span> <span class='ocrx_word' id='word_1_25' title='bbox 3812 521 3928 571; x_wconf 78' lang='lat'>116.</span> 
     </span>
     <span class='ocr_line' id='line_1_3' title="bbox 633 590 3638 681; baseline 0.001 -31"><span class='ocrx_word' id='word_1_26' title='bbox 633 610 808 668; x_wconf 90' lang='lat' dir='ltr'>super</span> <span class='ocrx_word' id='word_1_27' title='bbox 835 591 997 650; x_wconf 90' lang='lat' dir='ltr'>illum</span> <span class='ocrx_word' id='word_1_28' title='bbox 1025 609 1141 669; x_wconf 87' lang='lat' dir='ltr'>pax</span> <span class='ocrx_word' id='word_1_29' title='bbox 1382 590 1444 648; x_wconf 91' lang='lat' dir='ltr'>in</span> <span class='ocrx_word' id='word_1_30' title='bbox 1473 591 1661 651; x_wconf 91' lang='lat' dir='ltr'>cilicio</span> <span class='ocrx_word' id='word_1_31' title='bbox 1689 602 1747 652; x_wconf 91' lang='lat' dir='ltr'>et</span> <span class='ocrx_word' id='word_1_32' title='bbox 1776 594 1966 653; x_wconf 90' lang='lat' dir='ltr'>cinere</span> <span class='ocrx_word' id='word_1_33' title='bbox 2186 593 2348 671; x_wconf 91' lang='lat' dir='ltr'>quod</span> <span class='ocrx_word' id='word_1_34' title='bbox 2376 594 2692 654; x_wconf 86' lang='lat' dir='ltr'>abscondis</span> <span class='ocrx_word' id='word_1_35' title='bbox 2941 604 3000 653; x_wconf 92' lang='lat' dir='ltr'>et</span> <span class='ocrx_word' id='word_1_36' title='bbox 3026 594 3087 652; x_wconf 94' lang='lat' dir='ltr'>in</span> <span class='ocrx_word' id='word_1_37' title='bbox 3115 604 3240 654; x_wconf 92' lang='lat' dir='ltr'>tota</span> <span class='ocrx_word' id='word_1_38' title='bbox 3266 595 3474 654; x_wconf 89' lang='lat' dir='ltr'>uirtute</span> <span class='ocrx_word' id='word_1_39' title='bbox 3503 604 3594 681; x_wconf 79' lang='lat' dir='ltr'>tu⁸</span> <span class='ocrx_word' id='word_1_40' title='bbox 3622 625 3638 642; x_wconf 91' lang='lat'><strong>·</strong></span> 
     </span>
     <span class='ocr_line' id='line_1_4' title="bbox 629 685 3520 765; baseline 0.001 -20"><span class='ocrx_word' id='word_1_41' title='bbox 629 696 823 746; x_wconf 88' lang='lat' dir='ltr'>uestra</span> <span class='ocrx_word' id='word_1_42' title='bbox 840 717 856 733; x_wconf 90' lang='lat'><strong>·</strong></span> <span class='ocrx_word' id='word_1_43' title='bbox 917 686 1008 745; x_wconf 91' lang='lat' dir='ltr'>sin</span> <span class='ocrx_word' id='word_1_44' title='bbox 1036 690 1171 745; x_wconf 70' lang='lat' dir='ltr'>aute</span> <span class='ocrx_word' id='word_1_45' title='bbox 1381 685 1795 760; x_wconf 89' lang='lat' dir='ltr'>paenitentiam</span> <span class='ocrx_word' id='word_1_46' title='bbox 1820 687 2069 763; x_wconf 72' lang='lat' dir='ltr'>egissent</span> <span class='ocrx_word' id='word_1_47' title='bbox 2185 688 2227 745; x_wconf 88' lang='lat' dir='ltr'>ti</span> <span class='ocrx_word' id='word_1_48' title='bbox 2255 687 2403 747; x_wconf 86' lang='lat' dir='ltr'>haec</span> <span class='ocrx_word' id='word_1_49' title='bbox 2431 707 2466 745; x_wconf 91' lang='lat' dir='ltr'>a</span> <span class='ocrx_word' id='word_1_50' title='bbox 2494 689 2816 765; x_wconf 89' lang='lat' dir='ltr'>spientibus</span> <span class='ocrx_word' id='word_1_51' title='bbox 2937 697 2997 747; x_wconf 88' lang='lat' dir='ltr'>et</span> <span class='ocrx_word' id='word_1_52' title='bbox 3023 699 3147 748; x_wconf 92' lang='lat' dir='ltr'>tota</span> <span class='ocrx_word' id='word_1_53' title='bbox 3166 700 3364 747; x_wconf 90' lang='lat' dir='ltr'>mente</span> <span class='ocrx_word' id='word_1_54' title='bbox 3385 700 3485 748; x_wconf 90' lang='lat' dir='ltr'>tua</span> <span class='ocrx_word' id='word_1_55' title='bbox 3503 719 3520 735; x_wconf 91' lang='lat'><strong>·</strong></span> 
     </span>
     <span class='ocr_line' id='line_1_5' title="bbox 628 777 3536 858; baseline 0.001 -19"><span class='ocrx_word' id='word_1_56' title='bbox 628 797 803 857; x_wconf 90' lang='lat' dir='ltr'>super</span> <span class='ocrx_word' id='word_1_57' title='bbox 831 798 941 839; x_wconf 89' lang='lat' dir='ltr'>uos</span> <span class='ocrx_word' id='word_1_58' title='bbox 967 797 1133 839; x_wconf 89' lang='lat' dir='ltr'>reuer</span> <span class='ocrx_word' id='word_1_59' title='bbox 1380 777 1846 839; x_wconf 74' lang='lat' dir='ltr'>1⁴Uerumtamen</span> <span class='ocrx_word' id='word_1_60' title='bbox 1875 790 2002 857; x_wconf 90' lang='lat' dir='ltr'>tyro</span> <span class='ocrx_word' id='word_1_61' title='bbox 2025 791 2083 839; x_wconf 90' lang='lat' dir='ltr'>et</span> <span class='ocrx_word' id='word_1_62' title='bbox 2183 790 2242 839; x_wconf 92' lang='lat' dir='ltr'>et</span> <span class='ocrx_word' id='word_1_63' title='bbox 2269 781 2651 858; x_wconf 88' lang='lat' dir='ltr'>prudentibus</span> <span class='ocrx_word' id='word_1_64' title='bbox 2935 792 2994 841; x_wconf 91' lang='lat' dir='ltr'>et</span> <span class='ocrx_word' id='word_1_65' title='bbox 3021 783 3354 858; x_wconf 88' lang='lat' dir='ltr'>proximum</span> <span class='ocrx_word' id='word_1_66' title='bbox 3383 794 3536 842; x_wconf 71' lang='lat' dir='ltr'>tuu-</span> 
     </span>
     <span class='ocr_line' id='line_1_6' title="bbox 626 872 3362 954; baseline 0.001 -22"><span class='ocrx_word' id='word_1_67' title='bbox 626 883 777 933; x_wconf 92' lang='lat' dir='ltr'>tetur</span> <span class='ocrx_word' id='word_1_68' title='bbox 800 906 815 921; x_wconf 92' lang='lat'><strong>·</strong></span> <span class='ocrx_word' id='word_1_69' title='bbox 859 875 882 907; x_wconf 80' lang='lat'>⁷</span> <span class='ocrx_word' id='word_1_70' title='bbox 902 875 964 933; x_wconf 90' lang='lat' dir='ltr'>in</span> <span class='ocrx_word' id='word_1_71' title='bbox 993 873 1200 934; x_wconf 90' lang='lat' dir='ltr'>eadem</span> <span class='ocrx_word' id='word_1_72' title='bbox 1381 872 1573 932; x_wconf 91' lang='lat' dir='ltr'>sidoni</span> <span class='ocrx_word' id='word_1_73' title='bbox 1599 874 1662 931; x_wconf 94' lang='lat' dir='ltr'>in</span> <span class='ocrx_word' id='word_1_74' title='bbox 1690 874 1907 933; x_wconf 92' lang='lat' dir='ltr'>iudicio</span> <span class='ocrx_word' id='word_1_75' title='bbox 1936 884 1999 933; x_wconf 93' lang='lat' dir='ltr'>to</span> <span class='ocrx_word' id='word_1_76' title='bbox 2183 884 2240 934; x_wconf 92' lang='lat' dir='ltr'>et</span> <span class='ocrx_word' id='word_1_77' title='bbox 2269 875 2534 935; x_wconf 88' lang='lat' dir='ltr'>reuelasti</span> <span class='ocrx_word' id='word_1_78' title='bbox 2561 893 2633 935; x_wconf 87' lang='lat' dir='ltr'>ea</span> <span class='ocrx_word' id='word_1_79' title='bbox 2659 893 2765 952; x_wconf 91' lang='lat' dir='ltr'>par</span> <span class='ocrx_word' id='word_1_80' title='bbox 2935 876 3083 936; x_wconf 91' lang='lat' dir='ltr'>sicut</span> <span class='ocrx_word' id='word_1_81' title='bbox 3109 878 3362 954; x_wconf 89' lang='lat' dir='ltr'>teipsum</span> 
     </span>
     <span class='ocr_line' id='line_1_7' title="bbox 627 964 3635 1045; baseline 0.002 -19"><span class='ocrx_word' id='word_1_82' title='bbox 627 977 824 1027; x_wconf 89' lang='lat' dir='ltr'>autem</span> <span class='ocrx_word' id='word_1_83' title='bbox 852 967 1034 1028; x_wconf 89' lang='lat' dir='ltr'>domo</span> <span class='ocrx_word' id='word_1_84' title='bbox 1061 986 1161 1028; x_wconf 92' lang='lat' dir='ltr'>ma</span> <span class='ocrx_word' id='word_1_85' title='bbox 1379 964 1669 1026; x_wconf 88' lang='lat' dir='ltr'>lerabilius</span> <span class='ocrx_word' id='word_1_86' title='bbox 1696 968 1801 1026; x_wconf 92' lang='lat' dir='ltr'>erit</span> <span class='ocrx_word' id='word_1_87' title='bbox 1828 978 1994 1045; x_wconf 67' lang='lat' dir='ltr'>qua*</span> <span class='ocrx_word' id='word_1_88' title='bbox 2179 967 2333 1026; x_wconf 91' lang='lat' dir='ltr'>uulis</span> <span class='ocrx_word' id='word_1_89' title='bbox 2352 999 2366 1014; x_wconf 89' lang='lat'><strong>·</strong></span> <span class='ocrx_word' id='word_1_90' title='bbox 2433 967 2526 1028; x_wconf 90' lang='lat' dir='ltr'>Ita</span> <span class='ocrx_word' id='word_1_91' title='bbox 2554 979 2720 1045; x_wconf 88' lang='lat' dir='ltr'>pater</span> <span class='ocrx_word' id='word_1_92' title='bbox 2932 966 2976 1001; x_wconf 76' lang='lat'>¹⁸</span> <span class='ocrx_word' id='word_1_93' title='bbox 2996 969 3156 1029; x_wconf 88' lang='lat' dir='ltr'>Dixit</span> <span class='ocrx_word' id='word_1_94' title='bbox 3183 982 3375 1030; x_wconf 88' lang='lat' dir='ltr'>autem</span> <span class='ocrx_word' id='word_1_95' title='bbox 3404 970 3486 1031; x_wconf 91' lang='lat' dir='ltr'>illi</span> <span class='ocrx_word' id='word_1_96' title='bbox 3505 971 3597 1032; x_wconf 82' lang='lat' dir='ltr'>ihs</span> <span class='ocrx_word' id='word_1_97' title='bbox 3619 1003 3635 1020; x_wconf 91' lang='lat'><strong>·</strong></span> 
     </span>
     <span class='ocr_line' id='line_1_8' title="bbox 627 1060 3500 1149; baseline 0.001 -30"><span class='ocrx_word' id='word_1_98' title='bbox 627 1071 758 1121; x_wconf 90' lang='lat' dir='ltr'>nete</span> <span class='ocrx_word' id='word_1_99' title='bbox 788 1062 1061 1123; x_wconf 88' lang='lat' dir='ltr'>aedentes</span> <span class='ocrx_word' id='word_1_100' title='bbox 1090 1071 1148 1121; x_wconf 89' lang='lat' dir='ltr'>et</span> <span class='ocrx_word' id='word_1_101' title='bbox 1381 1060 1552 1119; x_wconf 90' lang='lat' dir='ltr'>uobis</span> <span class='ocrx_word' id='word_1_102' title='bbox 1571 1092 1584 1107; x_wconf 91' lang='lat'><strong>·</strong></span> <span class='ocrx_word' id='word_1_103' title='bbox 1607 1092 1621 1107; x_wconf 89' lang='lat'><strong>·</strong></span> <span class='ocrx_word' id='word_1_104' title='bbox 1644 1091 1657 1107; x_wconf 91' lang='lat'><strong>·</strong></span> <span class='ocrx_word' id='word_1_105' title='bbox 1682 1060 1805 1120; x_wconf 75' lang='lat' dir='ltr'>¹⁵Et</span> <span class='ocrx_word' id='word_1_106' title='bbox 1826 1070 1890 1119; x_wconf 93' lang='lat' dir='ltr'>tu</span> <span class='ocrx_word' id='word_1_107' title='bbox 1906 1080 2082 1138; x_wconf 87' lang='lat' dir='ltr'>caper</span> <span class='ocrx_word' id='word_1_108' title='bbox 2180 1062 2318 1139; x_wconf 92' lang='lat' dir='ltr'>quia</span> <span class='ocrx_word' id='word_1_109' title='bbox 2346 1062 2429 1122; x_wconf 90' lang='lat' dir='ltr'>sic</span> <span class='ocrx_word' id='word_1_110' title='bbox 2457 1063 2619 1122; x_wconf 91' lang='lat' dir='ltr'>bona</span> <span class='ocrx_word' id='word_1_111' title='bbox 2644 1062 2826 1149; x_wconf 70' lang='lat' dir='ltr'>uolun</span> <span class='ocrx_word' id='word_1_112' title='bbox 2932 1074 3088 1122; x_wconf 83' lang='lat' dir='ltr'>recte</span> <span class='ocrx_word' id='word_1_113' title='bbox 3115 1065 3463 1141; x_wconf 88' lang='lat' dir='ltr'>respondisti</span> <span class='ocrx_word' id='word_1_114' title='bbox 3480 1097 3500 1121; x_wconf 64' lang='grc' dir='ltr'>«ι</span> 
     </span>
     <span class='ocr_line' id='line_1_9' title="bbox 625 1155 3550 1235; baseline 0.001 -20"><span class='ocrx_word' id='word_1_115' title='bbox 625 1156 891 1216; x_wconf 86' lang='lat' dir='ltr'>bibentes</span> <span class='ocrx_word' id='word_1_116' title='bbox 919 1175 1069 1235; x_wconf 91' lang='lat' dir='ltr'>quae</span> <span class='ocrx_word' id='word_1_117' title='bbox 1098 1175 1136 1216; x_wconf 89' lang='lat' dir='ltr'>a</span> <span class='ocrx_word' id='word_1_118' title='bbox 1378 1171 1557 1212; x_wconf 89' lang='lat' dir='ltr'>naum</span> <span class='ocrx_word' id='word_1_119' title='bbox 1587 1172 1737 1232; x_wconf 89' lang='lat' dir='ltr'>quae</span> <span class='ocrx_word' id='word_1_120' title='bbox 1764 1171 1948 1233; x_wconf 89' lang='lat' dir='ltr'>usque</span> <span class='ocrx_word' id='word_1_121' title='bbox 1976 1155 2053 1214; x_wconf 91' lang='lat' dir='ltr'>ad</span> <span class='ocrx_word' id='word_1_122' title='bbox 2179 1164 2269 1214; x_wconf 88' lang='lat' dir='ltr'>tas</span> <span class='ocrx_word' id='word_1_123' title='bbox 2299 1155 2401 1215; x_wconf 84' lang='lat' dir='ltr'>fuit</span> <span class='ocrx_word' id='word_1_124' title='bbox 2428 1167 2562 1216; x_wconf 90' lang='lat' dir='ltr'>ante</span> <span class='ocrx_word' id='word_1_125' title='bbox 2590 1167 2648 1216; x_wconf 90' lang='lat' dir='ltr'>te</span> <span class='ocrx_word' id='word_1_126' title='bbox 2668 1187 2683 1204; x_wconf 90' lang='lat'><strong>·</strong></span> <span class='ocrx_word' id='word_1_127' title='bbox 2932 1156 3046 1216; x_wconf 89' lang='lat' dir='ltr'>hoc</span> <span class='ocrx_word' id='word_1_128' title='bbox 3076 1157 3169 1216; x_wconf 86' lang='lat' dir='ltr'>fac</span> <span class='ocrx_word' id='word_1_129' title='bbox 3198 1168 3256 1217; x_wconf 90' lang='lat' dir='ltr'>et</span> <span class='ocrx_word' id='word_1_130' title='bbox 3282 1159 3445 1218; x_wconf 89' lang='lat' dir='ltr'>uiues</span> <span class='ocrx_word' id='word_1_131' title='bbox 3463 1190 3550 1205; x_wconf 93' lang='lat'>—-</span> 
     </span>
     <span class='ocr_line' id='line_1_10' title="bbox 622 1246 3554 1326; baseline 0.001 -18"><span class='ocrx_word' id='word_1_132' title='bbox 622 1249 745 1326; x_wconf 90' lang='lat' dir='ltr'>pud</span> <span class='ocrx_word' id='word_1_133' title='bbox 772 1251 903 1311; x_wconf 91' lang='lat' dir='ltr'>illos</span> <span class='ocrx_word' id='word_1_134' title='bbox 931 1260 1063 1311; x_wconf 91' lang='lat' dir='ltr'>sunt</span> <span class='ocrx_word' id='word_1_135' title='bbox 1085 1282 1100 1297; x_wconf 92' lang='lat'><strong>·</strong></span> <span class='ocrx_word' id='word_1_136' title='bbox 1379 1246 1608 1307; x_wconf 91' lang='lat' dir='ltr'>caelum</span> <span class='ocrx_word' id='word_1_137' title='bbox 1636 1248 1886 1308; x_wconf 85' lang='lat' dir='ltr'>exaltata</span> <span class='ocrx_word' id='word_1_138' title='bbox 1913 1267 1977 1308; x_wconf 91' lang='lat' dir='ltr'>es</span> <span class='ocrx_word' id='word_1_139' title='bbox 2178 1246 2224 1279; x_wconf 78' lang='lat'>²²</span> <span class='ocrx_word' id='word_1_140' title='bbox 2240 1249 2318 1309; x_wconf 92' lang='lat' dir='ltr'>Et</span> <span class='ocrx_word' id='word_1_141' title='bbox 2346 1269 2667 1311; x_wconf 88' lang='lat' dir='ltr'>conuersus</span> <span class='ocrx_word' id='word_1_142' title='bbox 2694 1250 2771 1310; x_wconf 89' lang='lat' dir='ltr'>ad</span> <span class='ocrx_word' id='word_1_143' title='bbox 2792 1250 2883 1312; x_wconf 90' lang='lat' dir='ltr'>dis</span> <span class='ocrx_word' id='word_1_144' title='bbox 2931 1246 2976 1283; x_wconf 79' lang='lat'>²⁹</span> <span class='ocrx_word' id='word_1_145' title='bbox 2992 1250 3097 1310; x_wconf 91' lang='lat' dir='ltr'>Ille</span> <span class='ocrx_word' id='word_1_146' title='bbox 3127 1262 3322 1311; x_wconf 89' lang='lat' dir='ltr'>autem</span> <span class='ocrx_word' id='word_1_147' title='bbox 3345 1253 3554 1313; x_wconf 85' lang='lat' dir='ltr'>uolens</span> 
     </span>
     <span class='ocr_line' id='line_1_11' title="bbox 624 1338 3505 1425; baseline 0.001 -23"><span class='ocrx_word' id='word_1_148' title='bbox 624 1344 837 1420; x_wconf 86' lang='lat' dir='ltr'>dignus</span> <span class='ocrx_word' id='word_1_149' title='bbox 864 1355 953 1404; x_wconf 88' lang='lat' dir='ltr'>est</span> <span class='ocrx_word' id='word_1_150' title='bbox 979 1346 1136 1404; x_wconf 91' lang='lat' dir='ltr'>enim</span> <span class='ocrx_word' id='word_1_151' title='bbox 1375 1360 1562 1419; x_wconf 90' lang='lat' dir='ltr'>usque</span> <span class='ocrx_word' id='word_1_152' title='bbox 1590 1338 1651 1400; x_wconf 85' lang='lat' dir='ltr'>in</span> <span class='ocrx_word' id='word_1_153' title='bbox 1677 1342 1965 1403; x_wconf 82' lang='lat' dir='ltr'>infernum</span> <span class='ocrx_word' id='word_1_154' title='bbox 2179 1343 2405 1421; x_wconf 91' lang='lat' dir='ltr'>cipulos</span> <span class='ocrx_word' id='word_1_155' title='bbox 2433 1363 2572 1405; x_wconf 90' lang='lat' dir='ltr'>suos</span> <span class='ocrx_word' id='word_1_156' title='bbox 2600 1345 2698 1404; x_wconf 88' lang='lat' dir='ltr'>dix</span> <span class='ocrx_word' id='word_1_157' title='bbox 2932 1344 3236 1406; x_wconf 89' lang='lat' dir='ltr'>iustificare</span> <span class='ocrx_word' id='word_1_158' title='bbox 3259 1347 3505 1425; x_wconf 58' lang='lat' dir='ltr'>”ipsum</span> 
     </span>
     <span class='ocr_line' id='line_1_12' title="bbox 621 1435 3638 1520; baseline 0.002 -25"><span class='ocrx_word' id='word_1_159' title='bbox 621 1440 915 1514; x_wconf 89' lang='lat' dir='ltr'>operarius</span> <span class='ocrx_word' id='word_1_160' title='bbox 943 1457 1068 1498; x_wconf 90' lang='lat' dir='ltr'>mer</span> <span class='ocrx_word' id='word_1_161' title='bbox 1379 1435 1732 1512; x_wconf 87' lang='lat' dir='ltr'>demergeris</span> <span class='ocrx_word' id='word_1_162' title='bbox 1755 1466 1770 1483; x_wconf 91' lang='lat'><strong>·</strong></span> <span class='ocrx_word' id='word_1_163' title='bbox 1792 1467 1877 1480; x_wconf 92' lang='lat'>·—</span> <span class='ocrx_word' id='word_1_164' title='bbox 2177 1437 2251 1496; x_wconf 90' lang='lat' dir='ltr'>sit</span> <span class='ocrx_word' id='word_1_165' title='bbox 2279 1438 2480 1498; x_wconf 89' lang='lat' dir='ltr'>omnia</span> <span class='ocrx_word' id='word_1_166' title='bbox 2510 1439 2652 1498; x_wconf 88' lang='lat' dir='ltr'>mihi</span> <span class='ocrx_word' id='word_1_167' title='bbox 2930 1437 3074 1498; x_wconf 82' lang='lat' dir='ltr'><strong>dixit</strong></span> <span class='ocrx_word' id='word_1_168' title='bbox 3102 1440 3179 1499; x_wconf 90' lang='lat' dir='ltr'>ad</span> <span class='ocrx_word' id='word_1_169' title='bbox 3204 1440 3327 1499; x_wconf 79' lang='lat' dir='ltr'>ihm</span> <span class='ocrx_word' id='word_1_170' title='bbox 3344 1471 3361 1487; x_wconf 88' lang='lat'><strong>·</strong></span> <span class='ocrx_word' id='word_1_171' title='bbox 3419 1452 3478 1500; x_wconf 90' lang='lat' dir='ltr'>et</span> <span class='ocrx_word' id='word_1_172' title='bbox 3503 1440 3638 1520; x_wconf 87' lang='lat' dir='ltr'>quis</span> 
     </span>
     <span class='ocr_line' id='line_1_13' title="bbox 622 1527 3546 1610; baseline 0.001 -19"><span class='ocrx_word' id='word_1_173' title='bbox 622 1532 767 1591; x_wconf 92' lang='lat' dir='ltr'>cede</span> <span class='ocrx_word' id='word_1_174' title='bbox 794 1551 902 1592; x_wconf 92' lang='lat' dir='ltr'>sua</span> <span class='ocrx_word' id='word_1_175' title='bbox 929 1564 945 1580; x_wconf 89' lang='lat'><strong>·</strong></span> <span class='ocrx_word' id='word_1_176' title='bbox 1006 1531 1204 1593; x_wconf 87' lang='lat' dir='ltr'>Nolite</span> <span class='ocrx_word' id='word_1_177' title='bbox 1377 1527 1659 1601; x_wconf 80' lang='lat' dir='ltr'>¹‘’Quiuos</span> <span class='ocrx_word' id='word_1_178' title='bbox 1671 1531 1827 1590; x_wconf 88' lang='lat' dir='ltr'>audit</span> <span class='ocrx_word' id='word_1_179' title='bbox 1837 1548 1932 1589; x_wconf 90' lang='lat' dir='ltr'>me</span> <span class='ocrx_word' id='word_1_180' title='bbox 1942 1530 2102 1590; x_wconf 88' lang='lat' dir='ltr'>audit</span> <span class='ocrx_word' id='word_1_181' title='bbox 2176 1531 2386 1590; x_wconf 87' lang='lat' dir='ltr'>tradita</span> <span class='ocrx_word' id='word_1_182' title='bbox 2413 1542 2549 1591; x_wconf 90' lang='lat' dir='ltr'>sunt</span> <span class='ocrx_word' id='word_1_183' title='bbox 2577 1551 2613 1591; x_wconf 93' lang='lat' dir='ltr'>a</span> <span class='ocrx_word' id='word_1_184' title='bbox 2640 1551 2719 1610; x_wconf 91' lang='lat' dir='ltr'>pa</span> <span class='ocrx_word' id='word_1_185' title='bbox 2931 1542 3019 1591; x_wconf 91' lang='lat' dir='ltr'>est</span> <span class='ocrx_word' id='word_1_186' title='bbox 3046 1550 3212 1592; x_wconf 88' lang='lat' dir='ltr'>meus</span> <span class='ocrx_word' id='word_1_187' title='bbox 3240 1535 3546 1610; x_wconf 86' lang='lat' dir='ltr'>proximus</span> 
     </span>
     <span class='ocr_line' id='line_1_14' title="bbox 620 1624 3556 1705; baseline 0.001 -21"><span class='ocrx_word' id='word_1_188' title='bbox 620 1628 860 1686; x_wconf 87' lang='lat' dir='ltr'>transire</span> <span class='ocrx_word' id='word_1_189' title='bbox 889 1628 963 1688; x_wconf 91' lang='lat' dir='ltr'>de</span> <span class='ocrx_word' id='word_1_190' title='bbox 989 1628 1169 1687; x_wconf 93' lang='lat' dir='ltr'>domo</span> <span class='ocrx_word' id='word_1_191' title='bbox 1376 1635 1434 1683; x_wconf 90' lang='lat' dir='ltr'>et</span> <span class='ocrx_word' id='word_1_192' title='bbox 1463 1625 1562 1702; x_wconf 91' lang='lat' dir='ltr'>qui</span> <span class='ocrx_word' id='word_1_193' title='bbox 1590 1643 1701 1684; x_wconf 93' lang='lat' dir='ltr'>uos</span> <span class='ocrx_word' id='word_1_194' title='bbox 1730 1626 1949 1705; x_wconf 90' lang='lat' dir='ltr'>spernit</span> <span class='ocrx_word' id='word_1_195' title='bbox 2179 1634 2263 1683; x_wconf 87' lang='lat' dir='ltr'>tre</span> <span class='ocrx_word' id='word_1_196' title='bbox 2293 1643 2429 1685; x_wconf 89' lang='lat' dir='ltr'>meo</span> <span class='ocrx_word' id='word_1_197' title='bbox 2497 1626 2576 1686; x_wconf 95' lang='lat' dir='ltr'>Et</span> <span class='ocrx_word' id='word_1_198' title='bbox 2603 1645 2782 1687; x_wconf 87' lang='lat' dir='ltr'>nemo</span> <span class='ocrx_word' id='word_1_199' title='bbox 2929 1624 2976 1657; x_wconf 81' lang='lat'>⁸⁰</span> <span class='ocrx_word' id='word_1_200' title='bbox 2997 1624 3332 1703; x_wconf 88' lang='lat' dir='ltr'>Suscipiens</span> <span class='ocrx_word' id='word_1_201' title='bbox 3359 1639 3556 1687; x_wconf 90' lang='lat' dir='ltr'>autem</span> 
     </span>
     <span class='ocr_line' id='line_1_15' title="bbox 623 1719 3530 1798; baseline 0.001 -20"><span class='ocrx_word' id='word_1_202' title='bbox 623 1720 683 1778; x_wconf 91' lang='lat' dir='ltr'>in</span> <span class='ocrx_word' id='word_1_203' title='bbox 711 1721 955 1780; x_wconf 91' lang='lat' dir='ltr'>domum</span> <span class='ocrx_word' id='word_1_204' title='bbox 980 1753 995 1769; x_wconf 92' lang='lat'><strong>·</strong></span> <span class='ocrx_word' id='word_1_205' title='bbox 1038 1722 1133 1781; x_wconf 75' lang='lat' dir='ltr'>⁸et</span> <span class='ocrx_word' id='word_1_206' title='bbox 1160 1722 1222 1781; x_wconf 90' lang='lat' dir='ltr'>in</span> <span class='ocrx_word' id='word_1_207' title='bbox 1375 1737 1471 1780; x_wconf 90' lang='lat' dir='ltr'>me</span> <span class='ocrx_word' id='word_1_208' title='bbox 1499 1720 1718 1796; x_wconf 89' lang='lat' dir='ltr'>spernit</span> <span class='ocrx_word' id='word_1_209' title='bbox 1788 1720 1888 1798; x_wconf 91' lang='lat' dir='ltr'>qui</span> <span class='ocrx_word' id='word_1_210' title='bbox 1917 1737 1993 1780; x_wconf 90' lang='lat' dir='ltr'>au</span> <span class='ocrx_word' id='word_1_211' title='bbox 2178 1719 2288 1778; x_wconf 89' lang='lat' dir='ltr'>scit</span> <span class='ocrx_word' id='word_1_212' title='bbox 2315 1720 2413 1795; x_wconf 92' lang='lat' dir='ltr'>qui</span> <span class='ocrx_word' id='word_1_213' title='bbox 2448 1731 2538 1779; x_wconf 91' lang='lat' dir='ltr'>est</span> <span class='ocrx_word' id='word_1_214' title='bbox 2565 1721 2716 1780; x_wconf 89' lang='lat' dir='ltr'>filius</span> <span class='ocrx_word' id='word_1_215' title='bbox 2930 1719 3021 1777; x_wconf 81' lang='lat' dir='ltr'>ihs</span> <span class='ocrx_word' id='word_1_216' title='bbox 3048 1719 3190 1778; x_wconf 88' lang='lat' dir='ltr'>dixit</span> <span class='ocrx_word' id='word_1_217' title='bbox 3210 1751 3224 1766; x_wconf 91' lang='lat'><strong>·</strong></span> <span class='ocrx_word' id='word_1_218' title='bbox 3247 1752 3261 1767; x_wconf 88' lang='lat'><strong>·</strong></span> <span class='ocrx_word' id='word_1_219' title='bbox 3283 1752 3297 1767; x_wconf 88' lang='lat'><strong>·</strong></span> <span class='ocrx_word' id='word_1_220' title='bbox 3345 1720 3530 1781; x_wconf 89' lang='lat' dir='ltr'>homo</span> 
     </span>
     <span class='ocr_line' id='line_1_16' title="bbox 620 1813 3486 1895; baseline 0 -21"><span class='ocrx_word' id='word_1_221' title='bbox 620 1833 991 1894; x_wconf 87' lang='lat' dir='ltr'>quacumque</span> <span class='ocrx_word' id='word_1_222' title='bbox 1020 1817 1099 1876; x_wconf 94' lang='lat' dir='ltr'>do</span> <span class='ocrx_word' id='word_1_223' title='bbox 1375 1822 1495 1872; x_wconf 92' lang='lat' dir='ltr'>tem</span> <span class='ocrx_word' id='word_1_224' title='bbox 1523 1831 1617 1872; x_wconf 89' lang='lat' dir='ltr'>me</span> <span class='ocrx_word' id='word_1_225' title='bbox 1645 1815 1863 1891; x_wconf 91' lang='lat' dir='ltr'>spernit</span> <span class='ocrx_word' id='word_1_226' title='bbox 2178 1813 2291 1871; x_wconf 92' lang='lat' dir='ltr'>nisi</span> <span class='ocrx_word' id='word_1_227' title='bbox 2318 1825 2484 1890; x_wconf 87' lang='lat' dir='ltr'>pater</span> <span class='ocrx_word' id='word_1_228' title='bbox 2502 1844 2517 1861; x_wconf 90' lang='lat'><strong>·</strong></span> <span class='ocrx_word' id='word_1_229' title='bbox 2581 1815 2660 1874; x_wconf 92' lang='lat' dir='ltr'>Et</span> <span class='ocrx_word' id='word_1_230' title='bbox 2688 1817 2820 1895; x_wconf 89' lang='lat' dir='ltr'>quis</span> <span class='ocrx_word' id='word_1_231' title='bbox 2928 1813 3165 1890; x_wconf 87' lang='lat' dir='ltr'>quidam</span> <span class='ocrx_word' id='word_1_232' title='bbox 3194 1813 3486 1875; x_wconf 86' lang='lat' dir='ltr'>descende</span> 
     </span>
     <span class='ocr_line' id='line_1_17' title="bbox 622 1906 3501 1987; baseline 0 -20"><span class='ocrx_word' id='word_1_233' title='bbox 622 1926 784 1968; x_wconf 89' lang='lat' dir='ltr'>mum</span> <span class='ocrx_word' id='word_1_234' title='bbox 806 1911 1079 1969; x_wconf 84' lang='lat' dir='ltr'>intraueri</span> <span class='ocrx_word' id='word_1_235' title='bbox 1373 1908 1593 1983; x_wconf 88' lang='lat' dir='ltr'>spernit</span> <span class='ocrx_word' id='word_1_236' title='bbox 1619 1926 1755 1966; x_wconf 90' lang='lat' dir='ltr'>eum</span> <span class='ocrx_word' id='word_1_237' title='bbox 1804 1908 1905 1987; x_wconf 89' lang='lat' dir='ltr'>qui</span> <span class='ocrx_word' id='word_1_238' title='bbox 1933 1926 2031 1967; x_wconf 89' lang='lat' dir='ltr'>me</span> <span class='ocrx_word' id='word_1_239' title='bbox 2176 1908 2341 1967; x_wconf 90' lang='lat' dir='ltr'>nouit</span> <span class='ocrx_word' id='word_1_240' title='bbox 2367 1918 2592 1984; x_wconf 88' lang='lat' dir='ltr'>patrem</span> <span class='ocrx_word' id='word_1_241' title='bbox 2621 1910 2729 1969; x_wconf 91' lang='lat' dir='ltr'>nisi</span> <span class='ocrx_word' id='word_1_242' title='bbox 2927 1907 3030 1965; x_wconf 88' lang='lat' dir='ltr'>bat</span> <span class='ocrx_word' id='word_1_243' title='bbox 3056 1908 3130 1966; x_wconf 90' lang='lat' dir='ltr'>ab</span> <span class='ocrx_word' id='word_1_244' title='bbox 3158 1906 3501 1967; x_wconf 85' lang='lat' dir='ltr'>hiemsalem</span> 
     </span>
     <span class='ocr_line' id='line_1_18' title="bbox 620 1997 3547 2082; baseline 0 -20"><span class='ocrx_word' id='word_1_245' title='bbox 620 2004 691 2062; x_wconf 93' lang='lat' dir='ltr'>tis</span> <span class='ocrx_word' id='word_1_246' title='bbox 718 2014 777 2063; x_wconf 90' lang='lat' dir='ltr'>et</span> <span class='ocrx_word' id='word_1_247' title='bbox 801 2006 1135 2082; x_wconf 90' lang='lat' dir='ltr'>acceperint</span> <span class='ocrx_word' id='word_1_248' title='bbox 1373 2002 1560 2062; x_wconf 90' lang='lat' dir='ltr'>misit·</span> <span class='ocrx_word' id='word_1_249' title='bbox 1622 2001 1668 2036; x_wconf 81' lang='lat'>¹⁷</span> <span class='ocrx_word' id='word_1_250' title='bbox 1685 2003 1896 2062; x_wconf 91' lang='lat' dir='ltr'>reuersi</span> <span class='ocrx_word' id='word_1_251' title='bbox 1924 2012 2051 2062; x_wconf 71' lang='lat' dir='ltr'>sunt</span> <span class='ocrx_word' id='word_1_252' title='bbox 2175 2000 2326 2060; x_wconf 88' lang='lat' dir='ltr'>filius</span> <span class='ocrx_word' id='word_1_253' title='bbox 2349 2034 2364 2049; x_wconf 92' lang='lat'><strong>·</strong></span> <span class='ocrx_word' id='word_1_254' title='bbox 2423 2014 2484 2063; x_wconf 91' lang='lat' dir='ltr'>et</span> <span class='ocrx_word' id='word_1_255' title='bbox 2511 2004 2604 2062; x_wconf 91' lang='lat' dir='ltr'>cui</span> <span class='ocrx_word' id='word_1_256' title='bbox 2633 2004 2775 2063; x_wconf 85' lang='lat' dir='ltr'>nolu</span> <span class='ocrx_word' id='word_1_257' title='bbox 2927 2001 2988 2058; x_wconf 91' lang='lat' dir='ltr'>in</span> <span class='ocrx_word' id='word_1_258' title='bbox 3016 1997 3228 2061; x_wconf 75' lang='lat' dir='ltr'>hierico</span> <span class='ocrx_word' id='word_1_259' title='bbox 3257 2012 3316 2061; x_wconf 91' lang='lat' dir='ltr'>et</span> <span class='ocrx_word' id='word_1_260' title='bbox 3343 2003 3547 2062; x_wconf 88' lang='lat' dir='ltr'>incidit</span> 
     </span>
     <span class='ocr_line' id='line_1_19' title="bbox 620 2094 3563 2174; baseline -0.001 -17"><span class='ocrx_word' id='word_1_261' title='bbox 620 2115 732 2158; x_wconf 90' lang='lat' dir='ltr'>uos</span> <span class='ocrx_word' id='word_1_262' title='bbox 760 2098 1112 2158; x_wconf 88' lang='lat' dir='ltr'>manducate</span> <span class='ocrx_word' id='word_1_263' title='bbox 1372 2104 1567 2154; x_wconf 88' lang='lat' dir='ltr'>autem</span> <span class='ocrx_word' id='word_1_264' title='bbox 1596 2096 1965 2173; x_wconf 86' lang='lat' dir='ltr'>septuaginta</span> <span class='ocrx_word' id='word_1_265' title='bbox 2174 2097 2279 2155; x_wconf 92' lang='lat' dir='ltr'>erit</span> <span class='ocrx_word' id='word_1_266' title='bbox 2307 2096 2454 2155; x_wconf 91' lang='lat' dir='ltr'>filius</span> <span class='ocrx_word' id='word_1_267' title='bbox 2479 2098 2735 2157; x_wconf 90' lang='lat' dir='ltr'>reuelare</span> <span class='ocrx_word' id='word_1_268' title='bbox 2926 2095 2988 2153; x_wconf 92' lang='lat' dir='ltr'>in</span> <span class='ocrx_word' id='word_1_269' title='bbox 3015 2094 3266 2156; x_wconf 89' lang='lat' dir='ltr'>latrones</span> <span class='ocrx_word' id='word_1_270' title='bbox 3320 2096 3420 2174; x_wconf 90' lang='lat' dir='ltr'>qui</span> <span class='ocrx_word' id='word_1_271' title='bbox 3447 2097 3563 2156; x_wconf 69' lang='lat' dir='ltr'>etia</span> 
     </span>
     <span class='ocr_line' id='line_1_20' title="bbox 620 2187 3543 2270; baseline -0 -20"><span class='ocrx_word' id='word_1_272' title='bbox 620 2209 984 2270; x_wconf 88' lang='lat' dir='ltr'>quecumque</span> <span class='ocrx_word' id='word_1_273' title='bbox 1013 2192 1175 2270; x_wconf 89' lang='lat' dir='ltr'>adpo</span> <span class='ocrx_word' id='word_1_274' title='bbox 1371 2208 1507 2249; x_wconf 89' lang='lat' dir='ltr'>curn</span> <span class='ocrx_word' id='word_1_275' title='bbox 1533 2190 1750 2267; x_wconf 81' lang='lat' dir='ltr'>gaudio</span> <span class='ocrx_word' id='word_1_276' title='bbox 1778 2190 1947 2250; x_wconf 91' lang='lat' dir='ltr'>dicen</span> <span class='ocrx_word' id='word_1_277' title='bbox 2172 2187 2217 2223; x_wconf 80' lang='lat'>²³</span> <span class='ocrx_word' id='word_1_278' title='bbox 2236 2189 2314 2249; x_wconf 95' lang='lat' dir='ltr'>Et</span> <span class='ocrx_word' id='word_1_279' title='bbox 2342 2208 2660 2250; x_wconf 89' lang='lat' dir='ltr'>conuersus</span> <span class='ocrx_word' id='word_1_280' title='bbox 2682 2192 2757 2252; x_wconf 90' lang='lat' dir='ltr'>ad</span> <span class='ocrx_word' id='word_1_281' title='bbox 2786 2193 2877 2253; x_wconf 87' lang='lat' dir='ltr'>dis</span> <span class='ocrx_word' id='word_1_282' title='bbox 2927 2188 3380 2266; x_wconf 91' lang='lat' dir='ltr'>dispoliauerunt</span> <span class='ocrx_word' id='word_1_283' title='bbox 3407 2190 3507 2250; x_wconf 73' lang='lat' dir='ltr'>illu</span> <span class='ocrx_word' id='word_1_284' title='bbox 3526 2220 3543 2238; x_wconf 92' lang='lat'><strong>·</strong></span> 
     </span>
     <span class='ocr_line' id='line_1_21' title="bbox 621 2282 3487 2361; baseline 0.001 -18"><span class='ocrx_word' id='word_1_285' title='bbox 621 2294 835 2344; x_wconf 88' lang='lat' dir='ltr'>nuntur</span> <span class='ocrx_word' id='word_1_286' title='bbox 860 2287 1031 2345; x_wconf 91' lang='lat' dir='ltr'>uobis</span> <span class='ocrx_word' id='word_1_287' title='bbox 1052 2317 1067 2332; x_wconf 93' lang='lat'><strong>·</strong></span> <span class='ocrx_word' id='word_1_288' title='bbox 1110 2286 1133 2319; x_wconf 80' lang='lat'><em>⁰</em></span> <span class='ocrx_word' id='word_1_289' title='bbox 1149 2286 1227 2345; x_wconf 91' lang='lat' dir='ltr'>Et</span> <span class='ocrx_word' id='word_1_290' title='bbox 1366 2291 1453 2343; x_wconf 89' lang='lat' dir='ltr'>tes</span> <span class='ocrx_word' id='word_1_291' title='bbox 1473 2313 1487 2329; x_wconf 93' lang='lat'><strong>·</strong></span> <span class='ocrx_word' id='word_1_292' title='bbox 1539 2284 1654 2343; x_wconf 75' lang='lat' dir='ltr'>dne</span> <span class='ocrx_word' id='word_1_293' title='bbox 1681 2285 1856 2343; x_wconf 89' lang='lat' dir='ltr'>etiam</span> <span class='ocrx_word' id='word_1_294' title='bbox 1884 2284 1996 2344; x_wconf 92' lang='lat' dir='ltr'>dae</span> <span class='ocrx_word' id='word_1_295' title='bbox 2172 2283 2400 2361; x_wconf 89' lang='lat' dir='ltr'>cipulos</span> <span class='ocrx_word' id='word_1_296' title='bbox 2427 2302 2692 2345; x_wconf 86' lang='lat' dir='ltr'>seorsum</span> <span class='ocrx_word' id='word_1_297' title='bbox 2923 2282 3000 2341; x_wconf 90' lang='lat' dir='ltr'>Et</span> <span class='ocrx_word' id='word_1_298' title='bbox 3028 2284 3214 2361; x_wconf 83' lang='lat' dir='ltr'>plagis</span> <span class='ocrx_word' id='word_1_299' title='bbox 3242 2285 3487 2361; x_wconf 88' lang='lat' dir='ltr'>inpostis</span> 
     </span>
     <span class='ocr_line' id='line_1_22' title="bbox 619 2376 3436 2440; baseline 0 -1"><span class='ocrx_word' id='word_1_300' title='bbox 619 2390 812 2439; x_wconf 89' lang='lat' dir='ltr'>curate</span> <span class='ocrx_word' id='word_1_301' title='bbox 839 2380 1098 2440; x_wconf 89' lang='lat' dir='ltr'>infirmos</span> <span class='ocrx_word' id='word_1_302' title='bbox 1368 2379 1572 2437; x_wconf 89' lang='lat' dir='ltr'>monia</span> <span class='ocrx_word' id='word_1_303' title='bbox 1598 2379 1659 2437; x_wconf 91' lang='lat' dir='ltr'>in</span> <span class='ocrx_word' id='word_1_304' title='bbox 1688 2379 1928 2437; x_wconf 88' lang='lat' dir='ltr'>nomine</span> <span class='ocrx_word' id='word_1_305' title='bbox 1956 2388 2051 2437; x_wconf 76' lang='lat' dir='ltr'>tuo</span> <span class='ocrx_word' id='word_1_306' title='bbox 2171 2376 2352 2437; x_wconf 91' lang='lat' dir='ltr'>dixit·</span> <span class='ocrx_word' id='word_1_307' title='bbox 2374 2409 2387 2424; x_wconf 93' lang='lat'><strong>·</strong></span> <span class='ocrx_word' id='word_1_308' title='bbox 2409 2410 2422 2425; x_wconf 93' lang='lat'><strong>·</strong></span> <span class='ocrx_word' id='word_1_309' title='bbox 2468 2378 2633 2439; x_wconf 87' lang='lat' dir='ltr'>Beati</span> <span class='ocrx_word' id='word_1_310' title='bbox 2653 2380 2732 2438; x_wconf 89' lang='lat' dir='ltr'>ita</span> <span class='ocrx_word' id='word_1_311' title='bbox 2922 2378 3206 2438; x_wconf 86' lang='lat' dir='ltr'>semiuiuo</span> <span class='ocrx_word' id='word_1_312' title='bbox 3232 2379 3436 2439; x_wconf 90' lang='lat' dir='ltr'>relicto</span> 
     </span>
     <span class='ocr_line' id='line_1_23' title="bbox 618 2471 3286 2552; baseline -0.001 -18"><span class='ocrx_word' id='word_1_313' title='bbox 618 2475 717 2552; x_wconf 90' lang='lat' dir='ltr'>qui</span> <span class='ocrx_word' id='word_1_314' title='bbox 744 2475 807 2533; x_wconf 92' lang='lat' dir='ltr'>in</span> <span class='ocrx_word' id='word_1_315' title='bbox 835 2475 929 2534; x_wconf 92' lang='lat' dir='ltr'>illa</span> <span class='ocrx_word' id='word_1_316' title='bbox 957 2484 1093 2535; x_wconf 90' lang='lat' dir='ltr'>sunt</span> <span class='ocrx_word' id='word_1_317' title='bbox 1367 2489 1479 2530; x_wconf 88' lang='lat' dir='ltr'>nos</span> <span class='ocrx_word' id='word_1_318' title='bbox 1498 2471 1762 2533; x_wconf 88' lang='lat' dir='ltr'>audiunt·</span> <span class='ocrx_word' id='word_1_319' title='bbox 1786 2471 1830 2505; x_wconf 84' lang='lat'>¹⁸</span> <span class='ocrx_word' id='word_1_320' title='bbox 1841 2473 2066 2533; x_wconf 89' lang='lat' dir='ltr'>dixitau</span> <span class='ocrx_word' id='word_1_321' title='bbox 2167 2491 2283 2550; x_wconf 89' lang='lat' dir='ltr'>que</span> <span class='ocrx_word' id='word_1_322' title='bbox 2311 2473 2464 2533; x_wconf 92' lang='lat' dir='ltr'>oculi</span> <span class='ocrx_word' id='word_1_323' title='bbox 2545 2476 2644 2552; x_wconf 93' lang='lat' dir='ltr'>qui</span> <span class='ocrx_word' id='word_1_324' title='bbox 2672 2476 2807 2536; x_wconf 89' lang='lat' dir='ltr'>uide</span> <span class='ocrx_word' id='word_1_325' title='bbox 2919 2473 3182 2532; x_wconf 88' lang='lat' dir='ltr'>abiemnt</span> <span class='ocrx_word' id='word_1_326' title='bbox 3201 2505 3286 2518; x_wconf 90' lang='lat'>——</span> 
     </span>
     <span class='ocr_line' id='line_1_24' title="bbox 616 2600 3551 2684; baseline 0.001 -20"><span class='ocrx_word' id='word_1_327' title='bbox 616 2614 673 2664; x_wconf 92' lang='lat' dir='ltr'>et</span> <span class='ocrx_word' id='word_1_328' title='bbox 700 2606 874 2665; x_wconf 89' lang='lat' dir='ltr'>dicite</span> <span class='ocrx_word' id='word_1_329' title='bbox 901 2607 1012 2665; x_wconf 91' lang='lat' dir='ltr'>illis</span> <span class='ocrx_word' id='word_1_330' title='bbox 1041 2607 1227 2684; x_wconf 87' lang='lat' dir='ltr'>adpro</span> <span class='ocrx_word' id='word_1_331' title='bbox 1367 2612 1486 2663; x_wconf 91' lang='lat' dir='ltr'>tem</span> <span class='ocrx_word' id='word_1_332' title='bbox 1505 2604 1613 2664; x_wconf 88' lang='lat' dir='ltr'>illis</span> <span class='ocrx_word' id='word_1_333' title='bbox 1661 2604 1925 2665; x_wconf 68' lang='lat' dir='ltr'>uideba-</span> <span class='ocrx_word' id='word_1_334' title='bbox 2172 2615 2307 2663; x_wconf 90' lang='lat' dir='ltr'>runt</span> <span class='ocrx_word' id='word_1_335' title='bbox 2330 2623 2480 2682; x_wconf 91' lang='lat' dir='ltr'>quae</span> <span class='ocrx_word' id='word_1_336' title='bbox 2507 2605 2714 2666; x_wconf 90' lang='lat' dir='ltr'>uidetis</span> <span class='ocrx_word' id='word_1_337' title='bbox 2738 2638 2753 2653; x_wconf 92' lang='lat'><strong>·</strong></span> <span class='ocrx_word' id='word_1_338' title='bbox 2921 2600 2963 2636; x_wconf 80' lang='lat'>⁸¹</span> <span class='ocrx_word' id='word_1_339' title='bbox 2984 2603 3032 2662; x_wconf 92' lang='lat' dir='ltr'>F</span> <span class='ocrx_word' id='word_1_340' title='bbox 3033 2605 3246 2664; x_wconf 89' lang='lat' dir='ltr'>ortuito</span> <span class='ocrx_word' id='word_1_341' title='bbox 3274 2605 3551 2667; x_wconf 86' lang='lat' dir='ltr'>sacerdos</span> 
     </span>
     <span class='ocr_line' id='line_1_25' title="bbox 616 2698 3483 2779; baseline 0.001 -21"><span class='ocrx_word' id='word_1_342' title='bbox 616 2701 796 2777; x_wconf 89' lang='lat' dir='ltr'>piauit</span> <span class='ocrx_word' id='word_1_343' title='bbox 824 2701 884 2759; x_wconf 91' lang='lat' dir='ltr'>in</span> <span class='ocrx_word' id='word_1_344' title='bbox 914 2718 1024 2760; x_wconf 89' lang='lat' dir='ltr'>uos</span> <span class='ocrx_word' id='word_1_345' title='bbox 1050 2708 1234 2779; x_wconf 69' lang='lat' dir='ltr'>regnu</span> <span class='ocrx_word' id='word_1_346' title='bbox 1368 2708 1614 2758; x_wconf 88' lang='lat' dir='ltr'>satanan</span> <span class='ocrx_word' id='word_1_347' title='bbox 1643 2700 1791 2759; x_wconf 92' lang='lat' dir='ltr'>sicut</span> <span class='ocrx_word' id='word_1_348' title='bbox 1820 2700 1900 2760; x_wconf 88' lang='lat' dir='ltr'>ful</span> <span class='ocrx_word' id='word_1_349' title='bbox 2170 2698 2717 2760; x_wconf 74' lang='lat' dir='ltr'>²‘Dicoenimuobis</span> <span class='ocrx_word' id='word_1_350' title='bbox 2728 2702 2888 2778; x_wconf 92' lang='lat' dir='ltr'>quod</span> <span class='ocrx_word' id='word_1_351' title='bbox 2922 2698 3162 2775; x_wconf 85' lang='lat' dir='ltr'>quidam</span> <span class='ocrx_word' id='word_1_352' title='bbox 3191 2698 3483 2760; x_wconf 88' lang='lat' dir='ltr'>descende</span> 
     </span>
     <span class='ocr_line' id='line_1_26' title="bbox 616 2792 3524 2873; baseline 0.001 -21"><span class='ocrx_word' id='word_1_353' title='bbox 616 2794 676 2852; x_wconf 82' lang='lat' dir='ltr'>di</span> <span class='ocrx_word' id='word_1_354' title='bbox 691 2826 703 2840; x_wconf 94' lang='lat'><strong>·</strong></span> <span class='ocrx_word' id='word_1_355' title='bbox 726 2826 739 2841; x_wconf 91' lang='lat'><strong>·</strong></span> <span class='ocrx_word' id='word_1_356' title='bbox 765 2826 779 2840; x_wconf 91' lang='lat'><strong>·</strong></span> <span class='ocrx_word' id='word_1_357' title='bbox 798 2792 844 2827; x_wconf 83' lang='lat'>¹⁰</span> <span class='ocrx_word' id='word_1_358' title='bbox 866 2795 925 2853; x_wconf 92' lang='lat' dir='ltr'>in</span> <span class='ocrx_word' id='word_1_359' title='bbox 944 2812 1315 2873; x_wconf 88' lang='lat' dir='ltr'>quacumque</span> <span class='ocrx_word' id='word_1_360' title='bbox 1366 2811 1476 2869; x_wconf 77' lang='lat' dir='ltr'>gur</span> <span class='ocrx_word' id='word_1_361' title='bbox 1504 2793 1577 2853; x_wconf 90' lang='lat' dir='ltr'>de</span> <span class='ocrx_word' id='word_1_362' title='bbox 1606 2793 1733 2853; x_wconf 91' lang='lat' dir='ltr'>celo</span> <span class='ocrx_word' id='word_1_363' title='bbox 1763 2793 1950 2854; x_wconf 91' lang='lat' dir='ltr'>eaden</span> <span class='ocrx_word' id='word_1_364' title='bbox 2171 2793 2338 2851; x_wconf 87' lang='lat' dir='ltr'>multi</span> <span class='ocrx_word' id='word_1_365' title='bbox 2368 2793 2624 2870; x_wconf 82' lang='lat' dir='ltr'>profetae</span> <span class='ocrx_word' id='word_1_366' title='bbox 2694 2806 2752 2853; x_wconf 90' lang='lat' dir='ltr'>et</span> <span class='ocrx_word' id='word_1_367' title='bbox 2781 2796 2871 2857; x_wconf 86' lang='lat' dir='ltr'>ius</span> <span class='ocrx_word' id='word_1_368' title='bbox 2922 2793 3021 2850; x_wconf 93' lang='lat' dir='ltr'>bat</span> <span class='ocrx_word' id='word_1_369' title='bbox 3048 2792 3256 2851; x_wconf 88' lang='lat' dir='ltr'>eadem</span> <span class='ocrx_word' id='word_1_370' title='bbox 3283 2794 3380 2853; x_wconf 90' lang='lat' dir='ltr'>uia</span> <span class='ocrx_word' id='word_1_371' title='bbox 3463 2804 3524 2854; x_wconf 91' lang='lat' dir='ltr'>et</span> 
     </span>
     <span class='ocr_line' id='line_1_27' title="bbox 616 2886 3533 2964; baseline 0 -18"><span class='ocrx_word' id='word_1_372' title='bbox 616 2897 807 2946; x_wconf 89' lang='lat' dir='ltr'>autem</span> <span class='ocrx_word' id='word_1_373' title='bbox 838 2889 1069 2948; x_wconf 90' lang='lat' dir='ltr'>ciuitate</span> <span class='ocrx_word' id='word_1_374' title='bbox 1101 2890 1249 2949; x_wconf 90' lang='lat' dir='ltr'>intra</span> <span class='ocrx_word' id='word_1_375' title='bbox 1366 2897 1487 2946; x_wconf 90' lang='lat' dir='ltr'>tem</span> <span class='ocrx_word' id='word_1_376' title='bbox 1506 2918 1520 2933; x_wconf 93' lang='lat'><strong>·</strong></span> <span class='ocrx_word' id='word_1_377' title='bbox 1564 2886 1608 2920; x_wconf 81' lang='lat'>¹⁹</span> <span class='ocrx_word' id='word_1_378' title='bbox 1628 2887 1706 2946; x_wconf 90' lang='lat' dir='ltr'>Et</span> <span class='ocrx_word' id='word_1_379' title='bbox 1735 2906 1839 2947; x_wconf 90' lang='lat' dir='ltr'>cce</span> <span class='ocrx_word' id='word_1_380' title='bbox 1870 2889 2004 2949; x_wconf 91' lang='lat' dir='ltr'>dedi</span> <span class='ocrx_word' id='word_1_381' title='bbox 2171 2887 2213 2945; x_wconf 89' lang='lat' dir='ltr'>ti</span> <span class='ocrx_word' id='word_1_382' title='bbox 2245 2887 2550 2946; x_wconf 88' lang='lat' dir='ltr'>uoluerunt</span> <span class='ocrx_word' id='word_1_383' title='bbox 2574 2889 2769 2948; x_wconf 90' lang='lat' dir='ltr'>uidere</span> <span class='ocrx_word' id='word_1_384' title='bbox 2921 2886 3053 2946; x_wconf 89' lang='lat' dir='ltr'>uiso</span> <span class='ocrx_word' id='word_1_385' title='bbox 3080 2886 3179 2945; x_wconf 91' lang='lat' dir='ltr'>illo</span> <span class='ocrx_word' id='word_1_386' title='bbox 3208 2888 3494 2964; x_wconf 87' lang='lat' dir='ltr'>praeteriit</span> <span class='ocrx_word' id='word_1_387' title='bbox 3517 2920 3533 2935; x_wconf 91' lang='lat'><strong>·</strong></span> 
     </span>
     <span class='ocr_line' id='line_1_28' title="bbox 614 2976 3542 3058; baseline 0.001 -19"><span class='ocrx_word' id='word_1_388' title='bbox 614 2982 809 3040; x_wconf 88' lang='lat' dir='ltr'>ueritis</span> <span class='ocrx_word' id='word_1_389' title='bbox 864 2992 922 3041; x_wconf 91' lang='lat' dir='ltr'>et</span> <span class='ocrx_word' id='word_1_390' title='bbox 950 3001 1074 3041; x_wconf 91' lang='lat' dir='ltr'>non</span> <span class='ocrx_word' id='word_1_391' title='bbox 1101 3002 1232 3042; x_wconf 88' lang='lat' dir='ltr'>rece</span> <span class='ocrx_word' id='word_1_392' title='bbox 1364 2982 1536 3041; x_wconf 90' lang='lat' dir='ltr'>uobis</span> <span class='ocrx_word' id='word_1_393' title='bbox 1565 2988 1856 3058; x_wconf 68' lang='lat' dir='ltr'>potestate</span> <span class='ocrx_word' id='word_1_394' title='bbox 2171 2998 2323 3057; x_wconf 89' lang='lat' dir='ltr'>quae</span> <span class='ocrx_word' id='word_1_395' title='bbox 2349 2999 2461 3041; x_wconf 89' lang='lat' dir='ltr'>uos</span> <span class='ocrx_word' id='word_1_396' title='bbox 2487 2983 2696 3042; x_wconf 89' lang='lat' dir='ltr'>uidetis</span> <span class='ocrx_word' id='word_1_397' title='bbox 2766 2994 2826 3044; x_wconf 90' lang='lat' dir='ltr'>et</span> <span class='ocrx_word' id='word_1_398' title='bbox 2921 2976 2967 3011; x_wconf 80' lang='lat'>⁸&#39;</span> <span class='ocrx_word' id='word_1_399' title='bbox 2986 2979 3256 3040; x_wconf 87' lang='lat' dir='ltr'>Similiter</span> <span class='ocrx_word' id='word_1_400' title='bbox 3282 2994 3340 3041; x_wconf 93' lang='lat' dir='ltr'>et</span> <span class='ocrx_word' id='word_1_401' title='bbox 3367 2983 3542 3044; x_wconf 89' lang='lat' dir='ltr'>leuita</span> 
     </span>
     <span class='ocr_line' id='line_1_29' title="bbox 616 3075 3440 3153; baseline 0.002 -21"><span class='ocrx_word' id='word_1_402' title='bbox 616 3077 801 3151; x_wconf 90' lang='lat' dir='ltr'>perint</span> <span class='ocrx_word' id='word_1_403' title='bbox 830 3093 939 3136; x_wconf 91' lang='lat' dir='ltr'>uos</span> <span class='ocrx_word' id='word_1_404' title='bbox 958 3107 972 3122; x_wconf 93' lang='lat'><strong>·</strong></span> <span class='ocrx_word' id='word_1_405' title='bbox 1034 3087 1313 3137; x_wconf 90' lang='lat' dir='ltr'>exeuntes</span> <span class='ocrx_word' id='word_1_406' title='bbox 1364 3076 1626 3136; x_wconf 90' lang='lat' dir='ltr'>calcandi</span> <span class='ocrx_word' id='word_1_407' title='bbox 1655 3095 1827 3153; x_wconf 90' lang='lat' dir='ltr'>super</span> <span class='ocrx_word' id='word_1_408' title='bbox 1855 3096 1948 3138; x_wconf 90' lang='lat' dir='ltr'>ser</span> <span class='ocrx_word' id='word_1_409' title='bbox 2171 3092 2293 3132; x_wconf 91' lang='lat' dir='ltr'>non</span> <span class='ocrx_word' id='word_1_410' title='bbox 2322 3075 2591 3135; x_wconf 89' lang='lat' dir='ltr'>uiderunt</span> <span class='ocrx_word' id='word_1_411' title='bbox 2610 3108 2624 3123; x_wconf 92' lang='lat'><strong>·</strong></span> <span class='ocrx_word' id='word_1_412' title='bbox 2685 3077 2763 3136; x_wconf 93' lang='lat' dir='ltr'>Et</span> <span class='ocrx_word' id='word_1_413' title='bbox 2923 3092 3059 3134; x_wconf 91' lang='lat' dir='ltr'>cum</span> <span class='ocrx_word' id='word_1_414' title='bbox 3088 3087 3241 3135; x_wconf 89' lang='lat' dir='ltr'>esset</span> <span class='ocrx_word' id='word_1_415' title='bbox 3270 3094 3440 3138; x_wconf 88' lang='lat' dir='ltr'>secus</span> 
     </span>
     <span class='ocr_line' id='line_1_30' title="bbox 614 3167 3392 3249; baseline 0.001 -23"><span class='ocrx_word' id='word_1_416' title='bbox 614 3169 676 3226; x_wconf 91' lang='lat' dir='ltr'>in</span> <span class='ocrx_word' id='word_1_417' title='bbox 703 3169 906 3245; x_wconf 86' lang='lat' dir='ltr'>plateis</span> <span class='ocrx_word' id='word_1_418' title='bbox 933 3170 1058 3228; x_wconf 89' lang='lat' dir='ltr'>eius</span> <span class='ocrx_word' id='word_1_419' title='bbox 1086 3171 1260 3230; x_wconf 91' lang='lat' dir='ltr'>dicite</span> <span class='ocrx_word' id='word_1_420' title='bbox 1362 3181 1568 3246; x_wconf 90' lang='lat' dir='ltr'>pentes</span> <span class='ocrx_word' id='word_1_421' title='bbox 1596 3181 1653 3230; x_wconf 89' lang='lat' dir='ltr'>et</span> <span class='ocrx_word' id='word_1_422' title='bbox 1680 3174 1874 3249; x_wconf 86' lang='lat' dir='ltr'>scorpi</span> <span class='ocrx_word' id='word_1_423' title='bbox 2170 3169 2369 3227; x_wconf 89' lang='lat' dir='ltr'>audire</span> <span class='ocrx_word' id='word_1_424' title='bbox 2399 3188 2547 3247; x_wconf 92' lang='lat' dir='ltr'>quae</span> <span class='ocrx_word' id='word_1_425' title='bbox 2576 3189 2686 3231; x_wconf 91' lang='lat' dir='ltr'>uos</span> <span class='ocrx_word' id='word_1_426' title='bbox 2715 3190 2790 3230; x_wconf 91' lang='lat' dir='ltr'>au</span> <span class='ocrx_word' id='word_1_427' title='bbox 2922 3167 3121 3229; x_wconf 89' lang='lat' dir='ltr'>locum</span> <span class='ocrx_word' id='word_1_428' title='bbox 3148 3172 3392 3230; x_wconf 87' lang='lat' dir='ltr'>ueniens</span> 
     </span>
     <span class='ocr_line' id='line_1_31' title="bbox 612 3259 3502 3343; baseline 0 -21"><span class='ocrx_word' id='word_1_429' title='bbox 612 3259 654 3294; x_wconf 86' lang='lat'>²¹</span> <span class='ocrx_word' id='word_1_430' title='bbox 672 3265 844 3323; x_wconf 89' lang='lat' dir='ltr'>etiam</span> <span class='ocrx_word' id='word_1_431' title='bbox 873 3264 1169 3340; x_wconf 87' lang='lat' dir='ltr'>puluerem</span> <span class='ocrx_word' id='word_1_432' title='bbox 1191 3266 1291 3343; x_wconf 91' lang='lat' dir='ltr'>qui</span> <span class='ocrx_word' id='word_1_433' title='bbox 1361 3281 1507 3324; x_wconf 86' lang='lat' dir='ltr'>ones</span> <span class='ocrx_word' id='word_1_434' title='bbox 1532 3296 1547 3311; x_wconf 93' lang='lat'><strong>·</strong></span> <span class='ocrx_word' id='word_1_435' title='bbox 1607 3275 1665 3323; x_wconf 92' lang='lat' dir='ltr'>et</span> <span class='ocrx_word' id='word_1_436' title='bbox 1693 3283 1866 3342; x_wconf 88' lang='lat' dir='ltr'>supra</span> <span class='ocrx_word' id='word_1_437' title='bbox 2169 3262 2302 3321; x_wconf 91' lang='lat' dir='ltr'>ditis</span> <span class='ocrx_word' id='word_1_438' title='bbox 2330 3274 2388 3322; x_wconf 88' lang='lat' dir='ltr'>et</span> <span class='ocrx_word' id='word_1_439' title='bbox 2416 3283 2539 3323; x_wconf 93' lang='lat' dir='ltr'>non</span> <span class='ocrx_word' id='word_1_440' title='bbox 2567 3265 2735 3324; x_wconf 88' lang='lat' dir='ltr'>audie</span> <span class='ocrx_word' id='word_1_441' title='bbox 2921 3273 2979 3322; x_wconf 90' lang='lat' dir='ltr'>et</span> <span class='ocrx_word' id='word_1_442' title='bbox 3000 3264 3206 3324; x_wconf 90' lang='lat' dir='ltr'>uidens</span> <span class='ocrx_word' id='word_1_443' title='bbox 3234 3283 3369 3323; x_wconf 92' lang='lat' dir='ltr'>eum</span> <span class='ocrx_word' id='word_1_444' title='bbox 3398 3284 3502 3342; x_wconf 91' lang='lat' dir='ltr'>per</span> 
     </span>
     <span class='ocr_line' id='line_1_32' title="bbox 615 3356 3545 3422; baseline 0.002 -8"><span class='ocrx_word' id='word_1_445' title='bbox 615 3356 835 3416; x_wconf 87' lang='lat' dir='ltr'>adhesit</span> <span class='ocrx_word' id='word_1_446' title='bbox 860 3358 1033 3417; x_wconf 91' lang='lat' dir='ltr'>nobis</span> <span class='ocrx_word' id='word_1_447' title='bbox 1062 3359 1134 3418; x_wconf 91' lang='lat' dir='ltr'>de</span> <span class='ocrx_word' id='word_1_448' title='bbox 1164 3359 1277 3417; x_wconf 92' lang='lat' dir='ltr'>ciui</span> <span class='ocrx_word' id='word_1_449' title='bbox 1362 3375 1602 3418; x_wconf 90' lang='lat' dir='ltr'>omnem</span> <span class='ocrx_word' id='word_1_450' title='bbox 1634 3361 1899 3420; x_wconf 82' lang='lat' dir='ltr'>uirtutem</span> <span class='ocrx_word' id='word_1_451' title='bbox 2168 3368 2300 3415; x_wconf 89' lang='lat' dir='ltr'>runt</span> <span class='ocrx_word' id='word_1_452' title='bbox 2320 3389 2333 3404; x_wconf 92' lang='lat'><strong>·</strong></span> <span class='ocrx_word' id='word_1_453' title='bbox 2358 3362 2394 3422; x_wconf 84' lang='lat'>†</span> <span class='ocrx_word' id='word_1_454' title='bbox 2420 3385 2433 3398; x_wconf 91' lang='lat'><strong>·</strong></span> <span class='ocrx_word' id='word_1_455' title='bbox 2464 3356 2509 3391; x_wconf 76' lang='lat'>²⁶</span> <span class='ocrx_word' id='word_1_456' title='bbox 2525 3358 2603 3418; x_wconf 89' lang='lat' dir='ltr'>Et</span> <span class='ocrx_word' id='word_1_457' title='bbox 2633 3378 2775 3420; x_wconf 87' lang='lat' dir='ltr'>ecce</span> <span class='ocrx_word' id='word_1_458' title='bbox 2919 3358 3140 3416; x_wconf 89' lang='lat' dir='ltr'>transiit</span> <span class='ocrx_word' id='word_1_459' title='bbox 3164 3389 3178 3404; x_wconf 93' lang='lat'><strong>·</strong></span> <span class='ocrx_word' id='word_1_460' title='bbox 3201 3389 3215 3404; x_wconf 92' lang='lat'><strong>·</strong></span> <span class='ocrx_word' id='word_1_461' title='bbox 3237 3389 3251 3403; x_wconf 95' lang='lat'><strong>·</strong></span> <span class='ocrx_word' id='word_1_462' title='bbox 3298 3358 3341 3390; x_wconf 78' lang='lat'>³³</span> <span class='ocrx_word' id='word_1_463' title='bbox 3364 3357 3545 3419; x_wconf 90' lang='lat' dir='ltr'>Sama</span> 
     </span>
     <span class='ocr_line' id='line_1_33' title="bbox 614 3451 3486 3531; baseline 0 -21"><span class='ocrx_word' id='word_1_464' title='bbox 614 3459 725 3510; x_wconf 86' lang='lat' dir='ltr'>tate</span> <span class='ocrx_word' id='word_1_465' title='bbox 753 3461 946 3510; x_wconf 89' lang='lat' dir='ltr'>uestra</span> <span class='ocrx_word' id='word_1_466' title='bbox 972 3452 1034 3509; x_wconf 94' lang='lat' dir='ltr'>in</span> <span class='ocrx_word' id='word_1_467' title='bbox 1062 3452 1263 3529; x_wconf 83' lang='lat' dir='ltr'>pedibs</span> <span class='ocrx_word' id='word_1_468' title='bbox 1359 3452 1577 3512; x_wconf 91' lang='lat' dir='ltr'>inimici</span> <span class='ocrx_word' id='word_1_469' title='bbox 1595 3485 1610 3499; x_wconf 91' lang='lat'><strong>·</strong></span> <span class='ocrx_word' id='word_1_470' title='bbox 1674 3464 1731 3513; x_wconf 91' lang='lat' dir='ltr'>et</span> <span class='ocrx_word' id='word_1_471' title='bbox 1759 3455 1899 3513; x_wconf 91' lang='lat' dir='ltr'>nihil</span> <span class='ocrx_word' id='word_1_472' title='bbox 2166 3452 2406 3528; x_wconf 91' lang='lat' dir='ltr'>quidam</span> <span class='ocrx_word' id='word_1_473' title='bbox 2435 3452 2577 3529; x_wconf 87' lang='lat' dir='ltr'>legis</span> <span class='ocrx_word' id='word_1_474' title='bbox 2605 3455 2727 3531; x_wconf 90' lang='lat' dir='ltr'>peri</span> <span class='ocrx_word' id='word_1_475' title='bbox 2917 3451 3136 3510; x_wconf 89' lang='lat' dir='ltr'>ritanus</span> <span class='ocrx_word' id='word_1_476' title='bbox 3164 3460 3357 3510; x_wconf 90' lang='lat' dir='ltr'>autem</span> <span class='ocrx_word' id='word_1_477' title='bbox 3385 3454 3486 3530; x_wconf 92' lang='lat' dir='ltr'>qui</span> 
     </span>
     <span class='ocr_line' id='line_1_34' title="bbox 613 3543 3489 3621; baseline 0.001 -19"><span class='ocrx_word' id='word_1_478' title='bbox 613 3546 962 3621; x_wconf 86' lang='lat' dir='ltr'>extergimus</span> <span class='ocrx_word' id='word_1_479' title='bbox 991 3546 1050 3604; x_wconf 91' lang='lat' dir='ltr'>in</span> <span class='ocrx_word' id='word_1_480' title='bbox 1078 3547 1247 3605; x_wconf 89' lang='lat' dir='ltr'>uobis</span> <span class='ocrx_word' id='word_1_481' title='bbox 1268 3577 1283 3592; x_wconf 93' lang='lat'><strong>·</strong></span> <span class='ocrx_word' id='word_1_482' title='bbox 1360 3564 1470 3606; x_wconf 91' lang='lat' dir='ltr'>uos</span> <span class='ocrx_word' id='word_1_483' title='bbox 1500 3548 1737 3608; x_wconf 91' lang='lat' dir='ltr'>nocebit</span> <span class='ocrx_word' id='word_1_484' title='bbox 1754 3582 1838 3593; x_wconf 90' lang='lat'><strong>—</strong></span> <span class='ocrx_word' id='word_1_485' title='bbox 2167 3554 2259 3602; x_wconf 89' lang='lat' dir='ltr'>tus</span> <span class='ocrx_word' id='word_1_486' title='bbox 2289 3548 2531 3604; x_wconf 87' lang='lat' dir='ltr'>surrexit</span> <span class='ocrx_word' id='word_1_487' title='bbox 2559 3557 2679 3606; x_wconf 92' lang='lat' dir='ltr'>tem</span> <span class='ocrx_word' id='word_1_488' title='bbox 2916 3543 3054 3602; x_wconf 89' lang='lat' dir='ltr'>dam</span> <span class='ocrx_word' id='word_1_489' title='bbox 3136 3545 3242 3603; x_wconf 87' lang='lat' dir='ltr'>iter</span> <span class='ocrx_word' id='word_1_490' title='bbox 3267 3545 3489 3606; x_wconf 87' lang='lat' dir='ltr'>faciens</span> 
     </span>
     <span class='ocr_line' id='line_1_35' title="bbox 611 3636 3479 3717; baseline 0.001 -21"><span class='ocrx_word' id='word_1_491' title='bbox 611 3636 842 3697; x_wconf 87' lang='lat' dir='ltr'>Tamen</span> <span class='ocrx_word' id='word_1_492' title='bbox 861 3638 972 3697; x_wconf 91' lang='lat' dir='ltr'>hoc</span> <span class='ocrx_word' id='word_1_493' title='bbox 991 3640 1195 3699; x_wconf 91' lang='lat' dir='ltr'>scitote</span> <span class='ocrx_word' id='word_1_494' title='bbox 1206 3640 1343 3717; x_wconf 92' lang='lat' dir='ltr'>quia</span> <span class='ocrx_word' id='word_1_495' title='bbox 1359 3637 1403 3672; x_wconf 78' lang='lat'>²⁰</span> <span class='ocrx_word' id='word_1_496' title='bbox 1422 3639 1844 3701; x_wconf 86' lang='lat' dir='ltr'>Uerumtamen</span> <span class='ocrx_word' id='word_1_497' title='bbox 1872 3643 1932 3700; x_wconf 92' lang='lat' dir='ltr'>in</span> <span class='ocrx_word' id='word_1_498' title='bbox 2167 3649 2299 3698; x_wconf 89' lang='lat' dir='ltr'>tans</span> <span class='ocrx_word' id='word_1_499' title='bbox 2329 3640 2486 3698; x_wconf 87' lang='lat' dir='ltr'>illurn</span> <span class='ocrx_word' id='word_1_500' title='bbox 2516 3650 2575 3700; x_wconf 91' lang='lat' dir='ltr'>et</span> <span class='ocrx_word' id='word_1_501' title='bbox 2603 3640 2805 3700; x_wconf 90' lang='lat' dir='ltr'>dicens</span> <span class='ocrx_word' id='word_1_502' title='bbox 2829 3672 2845 3688; x_wconf 88' lang='lat'><strong>·</strong></span> <span class='ocrx_word' id='word_1_503' title='bbox 2915 3639 3076 3697; x_wconf 91' lang='lat' dir='ltr'>uenit</span> <span class='ocrx_word' id='word_1_504' title='bbox 3103 3656 3273 3698; x_wconf 91' lang='lat' dir='ltr'>secus</span> <span class='ocrx_word' id='word_1_505' title='bbox 3301 3657 3439 3698; x_wconf 87' lang='lat' dir='ltr'>eum</span> <span class='ocrx_word' id='word_1_506' title='bbox 3465 3672 3479 3687; x_wconf 92' lang='lat'><strong>·</strong></span> 
     </span>
     <span class='ocr_line' id='line_1_36' title="bbox 610 3732 3435 3812; baseline 0.001 -22"><span class='ocrx_word' id='word_1_507' title='bbox 610 3732 977 3809; x_wconf 88' lang='lat' dir='ltr'>adpropiauit</span> <span class='ocrx_word' id='word_1_508' title='bbox 1003 3739 1187 3810; x_wconf 70' lang='lat' dir='ltr'>regnu</span> <span class='ocrx_word' id='word_1_509' title='bbox 1361 3732 1476 3794; x_wconf 92' lang='lat' dir='ltr'>hoc</span> <span class='ocrx_word' id='word_1_510' title='bbox 1506 3734 1682 3795; x_wconf 90' lang='lat' dir='ltr'>nolite</span> <span class='ocrx_word' id='word_1_511' title='bbox 1709 3735 1900 3812; x_wconf 85' lang='lat' dir='ltr'>gaude</span> <span class='ocrx_word' id='word_1_512' title='bbox 2168 3734 2445 3810; x_wconf 88' lang='lat' dir='ltr'>magister</span> <span class='ocrx_word' id='word_1_513' title='bbox 2471 3735 2610 3811; x_wconf 91' lang='lat' dir='ltr'>quid</span> <span class='ocrx_word' id='word_1_514' title='bbox 2641 3733 2698 3793; x_wconf 90' lang='lat' dir='ltr'>fa</span> <span class='ocrx_word' id='word_1_515' title='bbox 2917 3741 2975 3791; x_wconf 88' lang='lat' dir='ltr'>et</span> <span class='ocrx_word' id='word_1_516' title='bbox 3002 3732 3209 3791; x_wconf 88' lang='lat' dir='ltr'>uidens</span> <span class='ocrx_word' id='word_1_517' title='bbox 3238 3734 3435 3793; x_wconf 90' lang='lat' dir='ltr'>miseri</span> 
     </span>
     <span class='ocr_line' id='line_1_37' title="bbox 612 3824 3496 3906; baseline 0 -21"><span class='ocrx_word' id='word_1_518' title='bbox 612 3826 671 3885; x_wconf 85' lang='lat' dir='ltr'>di</span> <span class='ocrx_word' id='word_1_519' title='bbox 688 3857 702 3872; x_wconf 91' lang='lat'><strong>·</strong></span> <span class='ocrx_word' id='word_1_520' title='bbox 733 3824 908 3887; x_wconf 82' lang='lat' dir='ltr'>¹&#39;dico</span> <span class='ocrx_word' id='word_1_521' title='bbox 928 3837 1123 3886; x_wconf 89' lang='lat' dir='ltr'>autem</span> <span class='ocrx_word' id='word_1_522' title='bbox 1143 3828 1313 3887; x_wconf 88' lang='lat' dir='ltr'>uobis</span> <span class='ocrx_word' id='word_1_523' title='bbox 1363 3846 1424 3887; x_wconf 89' lang='lat' dir='ltr'>re</span> <span class='ocrx_word' id='word_1_524' title='bbox 1452 3829 1587 3906; x_wconf 88' lang='lat' dir='ltr'>quia</span> <span class='ocrx_word' id='word_1_525' title='bbox 1616 3834 1717 3904; x_wconf 70' lang='lat' dir='ltr'>siis</span> <span class='ocrx_word' id='word_1_526' title='bbox 1744 3831 1914 3890; x_wconf 86' lang='lat' dir='ltr'>uobis</span> <span class='ocrx_word' id='word_1_527' title='bbox 2167 3827 2378 3885; x_wconf 92' lang='lat' dir='ltr'>ciendo</span> <span class='ocrx_word' id='word_1_528' title='bbox 2406 3828 2586 3886; x_wconf 88' lang='lat' dir='ltr'>uitam</span> <span class='ocrx_word' id='word_1_529' title='bbox 2614 3839 2771 3887; x_wconf 87' lang='lat' dir='ltr'>aeter</span> <span class='ocrx_word' id='word_1_530' title='bbox 2917 3825 3117 3886; x_wconf 91' lang='lat' dir='ltr'>cordia</span> <span class='ocrx_word' id='word_1_531' title='bbox 3144 3839 3340 3887; x_wconf 86' lang='lat' dir='ltr'>motus</span> <span class='ocrx_word' id='word_1_532' title='bbox 3369 3838 3458 3886; x_wconf 86' lang='lat' dir='ltr'>est</span> <span class='ocrx_word' id='word_1_533' title='bbox 3481 3859 3496 3876; x_wconf 91' lang='lat'><strong>·</strong></span> 
     </span>
     <span class='ocr_line' id='line_1_38' title="bbox 610 3919 3618 3999; baseline 0.002 -22"><span class='ocrx_word' id='word_1_534' title='bbox 610 3919 768 3996; x_wconf 91' lang='lat' dir='ltr'>quod</span> <span class='ocrx_word' id='word_1_535' title='bbox 796 3920 1058 3980; x_wconf 91' lang='lat' dir='ltr'>sodomis</span> <span class='ocrx_word' id='word_1_536' title='bbox 1086 3931 1143 3980; x_wconf 90' lang='lat' dir='ltr'>et</span> <span class='ocrx_word' id='word_1_537' title='bbox 1169 3940 1250 3998; x_wconf 85' lang='lat' dir='ltr'>go</span> <span class='ocrx_word' id='word_1_538' title='bbox 1363 3923 1597 3981; x_wconf 74' lang='lat' dir='ltr'>subiecti</span> <span class='ocrx_word' id='word_1_539' title='bbox 1625 3933 1758 3981; x_wconf 89' lang='lat' dir='ltr'>sunt</span> <span class='ocrx_word' id='word_1_540' title='bbox 1784 3955 1798 3969; x_wconf 94' lang='lat'><strong>·</strong></span> <span class='ocrx_word' id='word_1_541' title='bbox 1860 3923 1993 3984; x_wconf 90' lang='lat' dir='ltr'>Gau</span> <span class='ocrx_word' id='word_1_542' title='bbox 2167 3939 2307 3979; x_wconf 88' lang='lat' dir='ltr'>narn</span> <span class='ocrx_word' id='word_1_543' title='bbox 2334 3922 2649 3998; x_wconf 89' lang='lat' dir='ltr'>possidebo</span> <span class='ocrx_word' id='word_1_544' title='bbox 2670 3953 2730 3970; x_wconf 91' lang='lat'>·-</span> <span class='ocrx_word' id='word_1_545' title='bbox 2915 3919 3039 3978; x_wconf 69' lang='lat' dir='ltr'>“Et</span> <span class='ocrx_word' id='word_1_546' title='bbox 3056 3921 3342 3980; x_wconf 88' lang='lat' dir='ltr'>accedens</span> <span class='ocrx_word' id='word_1_547' title='bbox 3360 3922 3618 3999; x_wconf 87' lang='lat' dir='ltr'>alligauit</span> 
     </span>
     <span class='ocr_line' id='line_1_39' title="bbox 610 4013 3454 4095; baseline 0.001 -24"><span class='ocrx_word' id='word_1_548' title='bbox 610 4032 832 4073; x_wconf 83' lang='lat' dir='ltr'>mortae</span> <span class='ocrx_word' id='word_1_549' title='bbox 862 4013 1212 4075; x_wconf 86' lang='lat' dir='ltr'>tolerabilius</span> <span class='ocrx_word' id='word_1_550' title='bbox 1272 4043 1279 4048; x_wconf 91' lang='lat'><em>·</em></span> <span class='ocrx_word' id='word_1_551' title='bbox 1361 4015 1495 4074; x_wconf 87' lang='lat' dir='ltr'>dete</span> <span class='ocrx_word' id='word_1_552' title='bbox 1524 4027 1719 4076; x_wconf 92' lang='lat' dir='ltr'>autem</span> <span class='ocrx_word' id='word_1_553' title='bbox 1748 4018 1909 4095; x_wconf 91' lang='lat' dir='ltr'>quod</span> <span class='ocrx_word' id='word_1_554' title='bbox 1974 4017 1981 4024; x_wconf 82' lang='grc'><strong>“</strong></span> <span class='ocrx_word' id='word_1_555' title='bbox 2165 4013 2209 4048; x_wconf 76' lang='lat'>&#39;⁸</span> <span class='ocrx_word' id='word_1_556' title='bbox 2226 4016 2307 4074; x_wconf 91' lang='lat' dir='ltr'>At</span> <span class='ocrx_word' id='word_1_557' title='bbox 2326 4015 2418 4074; x_wconf 90' lang='lat' dir='ltr'>ille</span> <span class='ocrx_word' id='word_1_558' title='bbox 2442 4016 2583 4076; x_wconf 85' lang='lat' dir='ltr'>dixit</span> <span class='ocrx_word' id='word_1_559' title='bbox 2602 4016 2831 4076; x_wconf 88' lang='lat' dir='ltr'>adeum</span> <span class='ocrx_word' id='word_1_560' title='bbox 2851 4047 2866 4062; x_wconf 92' lang='lat'><strong>·</strong></span> <span class='ocrx_word' id='word_1_561' title='bbox 2914 4014 3155 4072; x_wconf 87' lang='lat' dir='ltr'>uulnera</span> <span class='ocrx_word' id='word_1_562' title='bbox 3187 4015 3309 4073; x_wconf 90' lang='lat' dir='ltr'>eius</span> <span class='ocrx_word' id='word_1_563' title='bbox 3392 4017 3454 4074; x_wconf 92' lang='lat' dir='ltr'>in</span> 
     </span>
     <span class='ocr_line' id='line_1_40' title="bbox 610 4108 3474 4187; baseline 0.002 -22"><span class='ocrx_word' id='word_1_564' title='bbox 610 4109 713 4166; x_wconf 90' lang='lat' dir='ltr'>erit</span> <span class='ocrx_word' id='word_1_565' title='bbox 742 4109 802 4165; x_wconf 91' lang='lat' dir='ltr'>in</span> <span class='ocrx_word' id='word_1_566' title='bbox 830 4108 924 4167; x_wconf 91' lang='lat' dir='ltr'>die</span> <span class='ocrx_word' id='word_1_567' title='bbox 953 4108 1049 4167; x_wconf 92' lang='lat' dir='ltr'>illa</span> <span class='ocrx_word' id='word_1_568' title='bbox 1076 4127 1251 4186; x_wconf 91' lang='lat' dir='ltr'>quam</span> <span class='ocrx_word' id='word_1_569' title='bbox 1360 4110 1601 4169; x_wconf 88' lang='lat' dir='ltr'>nomina</span> <span class='ocrx_word' id='word_1_570' title='bbox 1629 4121 1818 4169; x_wconf 89' lang='lat' dir='ltr'>uestra</span> <span class='ocrx_word' id='word_1_571' title='bbox 2167 4111 2228 4167; x_wconf 90' lang='lat' dir='ltr'>in</span> <span class='ocrx_word' id='word_1_572' title='bbox 2256 4111 2385 4186; x_wconf 87' lang='lat' dir='ltr'>lege</span> <span class='ocrx_word' id='word_1_573' title='bbox 2413 4110 2552 4187; x_wconf 89' lang='lat' dir='ltr'>quid</span> <span class='ocrx_word' id='word_1_574' title='bbox 2575 4111 2727 4169; x_wconf 89' lang='lat' dir='ltr'>scrib</span> <span class='ocrx_word' id='word_1_575' title='bbox 2915 4108 3166 4168; x_wconf 83' lang='lat' dir='ltr'>fundens</span> <span class='ocrx_word' id='word_1_576' title='bbox 3193 4109 3389 4168; x_wconf 90' lang='lat' dir='ltr'>oleum</span> <span class='ocrx_word' id='word_1_577' title='bbox 3416 4120 3474 4170; x_wconf 87' lang='lat' dir='ltr'>et</span> 
     </span>
    </p>
   </div>
   <div class='ocr_carea' id='block_1_3' title="bbox 611 4201 3430 4378">
    <p class='ocr_par' dir='ltr' id='par_1_3' title="bbox 611 4201 3430 4378">
     <span class='ocr_line' id='line_1_41' title="bbox 613 4201 3426 4281; baseline 0.001 -21"><span class='ocrx_word' id='word_1_578' title='bbox 613 4201 829 4260; x_wconf 88' lang='lat' dir='ltr'>ciuitati</span> <span class='ocrx_word' id='word_1_579' title='bbox 857 4202 952 4260; x_wconf 92' lang='lat' dir='ltr'>illa</span> <span class='ocrx_word' id='word_1_580' title='bbox 971 4233 985 4248; x_wconf 92' lang='lat'><strong>·</strong></span> <span class='ocrx_word' id='word_1_581' title='bbox 1015 4201 1187 4262; x_wconf 66' lang='lat' dir='ltr'>²³⁵Uae</span> <span class='ocrx_word' id='word_1_582' title='bbox 1206 4205 1308 4263; x_wconf 89' lang='lat' dir='ltr'>tibi</span> <span class='ocrx_word' id='word_1_583' title='bbox 1358 4205 1571 4281; x_wconf 89' lang='lat' dir='ltr'>scripta</span> <span class='ocrx_word' id='word_1_584' title='bbox 1601 4215 1736 4263; x_wconf 89' lang='lat' dir='ltr'>sunt</span> <span class='ocrx_word' id='word_1_585' title='bbox 1764 4205 1823 4262; x_wconf 90' lang='lat' dir='ltr'>in</span> <span class='ocrx_word' id='word_1_586' title='bbox 1852 4205 1981 4265; x_wconf 93' lang='lat' dir='ltr'>celo</span> <span class='ocrx_word' id='word_1_587' title='bbox 2003 4235 2018 4252; x_wconf 90' lang='lat'><strong>·</strong></span> <span class='ocrx_word' id='word_1_588' title='bbox 2166 4215 2289 4263; x_wconf 91' lang='lat' dir='ltr'>tum</span> <span class='ocrx_word' id='word_1_589' title='bbox 2317 4214 2404 4263; x_wconf 90' lang='lat' dir='ltr'>est</span> <span class='ocrx_word' id='word_1_590' title='bbox 2465 4204 2768 4281; x_wconf 91' lang='lat' dir='ltr'>quomodo</span> <span class='ocrx_word' id='word_1_591' title='bbox 2911 4203 3118 4261; x_wconf 89' lang='lat' dir='ltr'>uinum</span> <span class='ocrx_word' id='word_1_592' title='bbox 3179 4202 3257 4262; x_wconf 93' lang='lat' dir='ltr'>Et</span> <span class='ocrx_word' id='word_1_593' title='bbox 3282 4204 3426 4280; x_wconf 90' lang='lat' dir='ltr'>inpo</span> 
     </span>
     <span class='ocr_line' id='line_1_42' title="bbox 611 4294 3430 4378; baseline 0.001 -24"><span class='ocrx_word' id='word_1_594' title='bbox 611 4296 905 4378; x_wconf 79' lang='lat' dir='ltr'>corazain·</span> <span class='ocrx_word' id='word_1_595' title='bbox 923 4313 1033 4354; x_wconf 90' lang='lat' dir='ltr'>uae</span> <span class='ocrx_word' id='word_1_596' title='bbox 1050 4298 1152 4355; x_wconf 92' lang='lat' dir='ltr'>tibi</span> <span class='ocrx_word' id='word_1_597' title='bbox 1170 4297 1308 4357; x_wconf 87' lang='lat' dir='ltr'>beth</span> <span class='ocrx_word' id='word_1_598' title='bbox 1358 4294 1400 4328; x_wconf 76' lang='lat'>²¹</span> <span class='ocrx_word' id='word_1_599' title='bbox 1420 4297 1491 4354; x_wconf 93' lang='lat' dir='ltr'>In</span> <span class='ocrx_word' id='word_1_600' title='bbox 1521 4299 1647 4375; x_wconf 90' lang='lat' dir='ltr'>ipsa</span> <span class='ocrx_word' id='word_1_601' title='bbox 1676 4299 1820 4358; x_wconf 90' lang='lat' dir='ltr'>hora</span> <span class='ocrx_word' id='word_1_602' title='bbox 1848 4299 2044 4359; x_wconf 89' lang='lat' dir='ltr'>exulta</span> <span class='ocrx_word' id='word_1_603' title='bbox 2164 4299 2312 4374; x_wconf 87' lang='lat' dir='ltr'>legis</span> <span class='ocrx_word' id='word_1_604' title='bbox 2331 4330 2345 4345; x_wconf 92' lang='lat'><strong>·</strong></span> <span class='ocrx_word' id='word_1_605' title='bbox 2387 4295 2530 4357; x_wconf 71' lang='lat' dir='ltr'>”At</span> <span class='ocrx_word' id='word_1_606' title='bbox 2557 4298 2648 4358; x_wconf 89' lang='lat' dir='ltr'>ille</span> <span class='ocrx_word' id='word_1_607' title='bbox 2670 4317 2761 4359; x_wconf 89' lang='lat' dir='ltr'>res</span> <span class='ocrx_word' id='word_1_608' title='bbox 2913 4315 3062 4356; x_wconf 91' lang='lat' dir='ltr'>nens</span> <span class='ocrx_word' id='word_1_609' title='bbox 3091 4297 3250 4356; x_wconf 91' lang='lat' dir='ltr'>illum</span> <span class='ocrx_word' id='word_1_610' title='bbox 3280 4298 3341 4356; x_wconf 90' lang='lat' dir='ltr'>in</span> <span class='ocrx_word' id='word_1_611' title='bbox 3370 4299 3430 4358; x_wconf 91' lang='lat' dir='ltr'>iu</span> 
     </span>
    </p>
   </div>
   <div class='ocr_carea' id='block_1_4' title="bbox 606 4389 3559 4661">
    <p class='ocr_par' dir='ltr' id='par_1_4' title="bbox 606 4389 3559 4661">
     <span class='ocr_line' id='line_1_43' title="bbox 607 4389 3559 4470; baseline 0.003 -24"><span class='ocrx_word' id='word_1_612' title='bbox 607 4389 771 4448; x_wconf 89' lang='lat' dir='ltr'>saida</span> <span class='ocrx_word' id='word_1_613' title='bbox 788 4420 803 4435; x_wconf 92' lang='lat'><strong>·</strong></span> <span class='ocrx_word' id='word_1_614' title='bbox 847 4389 986 4467; x_wconf 88' lang='lat' dir='ltr'>quia</span> <span class='ocrx_word' id='word_1_615' title='bbox 1007 4390 1054 4446; x_wconf 91' lang='lat' dir='ltr'>si</span> <span class='ocrx_word' id='word_1_616' title='bbox 1079 4390 1136 4448; x_wconf 91' lang='lat' dir='ltr'>in</span> <span class='ocrx_word' id='word_1_617' title='bbox 1155 4400 1282 4468; x_wconf 88' lang='lat' dir='ltr'>tyro</span> <span class='ocrx_word' id='word_1_618' title='bbox 1357 4391 1440 4449; x_wconf 90' lang='lat' dir='ltr'>uit</span> <span class='ocrx_word' id='word_1_619' title='bbox 1466 4392 1528 4449; x_wconf 90' lang='lat' dir='ltr'>in</span> <span class='ocrx_word' id='word_1_620' title='bbox 1557 4398 1668 4469; x_wconf 77' lang='lat' dir='ltr'>spu</span> <span class='ocrx_word' id='word_1_621' title='bbox 1695 4393 1784 4451; x_wconf 79' lang='lat' dir='ltr'>ihs</span> <span class='ocrx_word' id='word_1_622' title='bbox 1811 4403 1869 4453; x_wconf 92' lang='lat' dir='ltr'>et</span> <span class='ocrx_word' id='word_1_623' title='bbox 2163 4393 2434 4470; x_wconf 91' lang='lat' dir='ltr'>pondens</span> <span class='ocrx_word' id='word_1_624' title='bbox 2461 4392 2605 4451; x_wconf 89' lang='lat' dir='ltr'>dixit</span> <span class='ocrx_word' id='word_1_625' title='bbox 2629 4425 2643 4440; x_wconf 91' lang='lat'><strong>·</strong></span> <span class='ocrx_word' id='word_1_626' title='bbox 2703 4393 2783 4454; x_wconf 92' lang='lat' dir='ltr'>Di</span> <span class='ocrx_word' id='word_1_627' title='bbox 2913 4403 3177 4450; x_wconf 90' lang='lat' dir='ltr'>mentum</span> <span class='ocrx_word' id='word_1_628' title='bbox 3205 4409 3375 4452; x_wconf 90' lang='lat' dir='ltr'>suum</span> <span class='ocrx_word' id='word_1_629' title='bbox 3405 4426 3420 4441; x_wconf 92' lang='lat'><strong>·</strong></span> <span class='ocrx_word' id='word_1_630' title='bbox 3478 4394 3559 4458; x_wconf 90' lang='lat' dir='ltr'>Et</span> 
     </span>
     <span class='ocr_line' id='line_1_44' title="bbox 606 4481 3533 4563; baseline 0.002 -23"><span class='ocrx_word' id='word_1_631' title='bbox 606 4491 661 4540; x_wconf 91' lang='lat' dir='ltr'>et</span> <span class='ocrx_word' id='word_1_632' title='bbox 688 4482 892 4541; x_wconf 90' lang='lat' dir='ltr'>sidone</span> <span class='ocrx_word' id='word_1_633' title='bbox 921 4481 1108 4542; x_wconf 88' lang='lat' dir='ltr'>factae</span> <span class='ocrx_word' id='word_1_634' title='bbox 1136 4483 1247 4543; x_wconf 86' lang='lat' dir='ltr'>suis</span> <span class='ocrx_word' id='word_1_635' title='bbox 1359 4484 1503 4544; x_wconf 88' lang='lat' dir='ltr'>dixit</span> <span class='ocrx_word' id='word_1_636' title='bbox 1525 4517 1538 4533; x_wconf 92' lang='lat'><strong>·</strong></span> <span class='ocrx_word' id='word_1_637' title='bbox 1614 4486 1918 4546; x_wconf 89' lang='lat' dir='ltr'>Confiteor</span> <span class='ocrx_word' id='word_1_638' title='bbox 2162 4487 2306 4563; x_wconf 89' lang='lat' dir='ltr'>liges</span> <span class='ocrx_word' id='word_1_639' title='bbox 2328 4487 2471 4545; x_wconf 77' lang='lat' dir='ltr'>dr&#39;nn</span> <span class='ocrx_word' id='word_1_640' title='bbox 2500 4486 2600 4546; x_wconf 74' lang='lat' dir='ltr'>dm</span> <span class='ocrx_word' id='word_1_641' title='bbox 2630 4495 2735 4548; x_wconf 77' lang='lat' dir='ltr'>tuti</span> <span class='ocrx_word' id='word_1_642' title='bbox 2915 4486 3077 4546; x_wconf 86' lang='lat' dir='ltr'>duxit</span> <span class='ocrx_word' id='word_1_643' title='bbox 3105 4486 3181 4546; x_wconf 88' lang='lat' dir='ltr'>ad</span> <span class='ocrx_word' id='word_1_644' title='bbox 3209 4488 3499 4547; x_wconf 89' lang='lat' dir='ltr'>stabulum</span> <span class='ocrx_word' id='word_1_645' title='bbox 3520 4522 3533 4535; x_wconf 93' lang='lat'><strong>·</strong></span> 
     </span>
     <span class='ocr_line' id='line_1_45' title="bbox 609 4577 3520 4661; baseline 0.003 -26"><span class='ocrx_word' id='word_1_646' title='bbox 609 4585 735 4635; x_wconf 85' lang='lat' dir='ltr'>sent</span> <span class='ocrx_word' id='word_1_647' title='bbox 755 4577 996 4635; x_wconf 88' lang='lat' dir='ltr'>uirtutes</span> <span class='ocrx_word' id='word_1_648' title='bbox 1013 4579 1207 4655; x_wconf 89' lang='lat' dir='ltr'>quein</span> <span class='ocrx_word' id='word_1_649' title='bbox 1228 4596 1308 4639; x_wconf 92' lang='lat' dir='ltr'>uo</span> <span class='ocrx_word' id='word_1_650' title='bbox 1358 4579 1459 4638; x_wconf 89' lang='lat' dir='ltr'>tibi</span> <span class='ocrx_word' id='word_1_651' title='bbox 1489 4590 1652 4657; x_wconf 88' lang='lat' dir='ltr'>pater</span> <span class='ocrx_word' id='word_1_652' title='bbox 1679 4579 1794 4639; x_wconf 77' lang='lat' dir='ltr'>dfie</span> <span class='ocrx_word' id='word_1_653' title='bbox 2160 4582 2222 4639; x_wconf 93' lang='lat' dir='ltr'>in</span> <span class='ocrx_word' id='word_1_654' title='bbox 2253 4591 2377 4640; x_wconf 91' lang='lat' dir='ltr'>toto</span> <span class='ocrx_word' id='word_1_655' title='bbox 2406 4581 2583 4641; x_wconf 92' lang='lat' dir='ltr'>corde</span> <span class='ocrx_word' id='word_1_656' title='bbox 2610 4594 2712 4644; x_wconf 86' lang='lat' dir='ltr'>tuo</span> <span class='ocrx_word' id='word_1_657' title='bbox 2915 4581 2993 4639; x_wconf 93' lang='lat' dir='ltr'>Et</span> <span class='ocrx_word' id='word_1_658' title='bbox 3020 4599 3222 4641; x_wconf 87' lang='lat' dir='ltr'>curam</span> <span class='ocrx_word' id='word_1_659' title='bbox 3249 4583 3372 4642; x_wconf 86' lang='lat' dir='ltr'>eius</span> <span class='ocrx_word' id='word_1_660' title='bbox 3401 4584 3520 4661; x_wconf 83' lang='lat' dir='ltr'>egit</span> 
     </span>
    </p>
   </div>
   <div class='ocr_carea' id='block_1_5' title="bbox 1134 4672 3283 4736">
    <p class='ocr_par' dir='ltr' id='par_1_5' title="bbox 1134 4672 3283 4736">
     <span class='ocr_line' id='line_1_46' title="bbox 1134 4672 3283 4736; baseline 0.003 -6"><span class='ocrx_word' id='word_1_661' title='bbox 1134 4672 1226 4730; x_wconf 92' lang='lat' dir='ltr'>bis</span> <span class='ocrx_word' id='word_1_662' title='bbox 3245 4696 3283 4736; x_wconf 71' lang='grc' dir='ltr'>Ν</span> 
     </span>
    </p>
   </div>
  </div>
 </body>
</html>
