4414 4917
637 338 681 388 1.
711 337 879 392 21-11.
908 334 985 403 7.]
1950 341 2321 404 MARCU-

3521 362 3648 435 113

2955 517 3264 578 Manifeste
3293 518 3352 577 in
3381 520 3492 579 ciui
3676 537 3801 585 ποι.
3822 536 3943 588 157.

1395 516 1549 577 Cum
1578 517 1791 578 iacobo
1813 527 1871 577 et
2202 518 2343 595 quia
2369 535 2580 577 omnes
2607 536 2758 595 quae

334 533 475 583 rol.
495 534 613 583 156.
634 518 694 579 in
724 537 1088 598 synagogam
1116 516 1196 577 do

634 617 804 675 cebat
832 615 963 675 illos
1046 611 1092 648 ²²
1108 622 1166 673 et
1193 620 1287 672 stu

633 710 854 786 pebant
883 727 1058 786 super
1086 706 1200 767 doc

631 804 841 861 trinam
868 804 992 862 eius
1012 834 1097 845 —

630 896 773 955 Erat
800 897 958 956 enim
985 894 1207 955 docens

633 991 779 1049 sicut
807 999 1156 1068 potestatem

632 1082 860 1143 habens
941 1093 1001 1143 et
1028 1101 1148 1142 non
1179 1082 1226 1142 si

633 1188 733 1238 cut
760 1178 983 1237 scribae
1004 1210 1017 1224 ·
1038 1209 1053 1225 ·
1080 1210 1094 1225 ·
1151 1173 1196 1209 ²³
1216 1177 1295 1236 Et

632 1282 753 1331 erat
780 1272 840 1330 in
870 1289 1173 1349 synagoga

633 1383 836 1425 eorum
863 1365 1043 1426 homo

632 1462 732 1536 qui
758 1460 1011 1519 habebat
1038 1465 1172 1536 spru

630 1553 983 1614 inmundum
1062 1554 1141 1613 Et

634 1649 905 1707 clamauit
986 1646 1031 1681 ⁹⁴
1048 1649 1250 1710 dicens
1268 1679 1283 1696 ·

632 1742 770 1820 quid
798 1742 969 1802 nobis
997 1752 1057 1803 et
1083 1744 1184 1803 tibi

631 1836 729 1895 ihu
758 1854 1084 1897 nazorenae

630 1932 835 1991 uenisti
864 1931 1102 2008 perdere

629 2043 738 2085 nos
763 2057 778 2072 ·
838 2025 961 2085 scio
988 2034 1047 2085 te
1075 2026 1174 2104 qui
1201 2044 1265 2087 es

630 2125 723 2178 scs
751 2119 811 2179 di
829 2150 844 2165 ·
926 2116 971 2152 ¹⁶
990 2128 1048 2179 et
1073 2122 1232 2198 impe

629 2214 774 2272 rauit
801 2213 879 2273 illi
907 2214 996 2274 ihs
1029 2214 1088 2273 di

629 2324 770 2368 cens
850 2310 1188 2370 obmutesce

628 2411 686 2462 et
711 2401 805 2464 exi
833 2403 906 2464 de
934 2403 1170 2465 homine

559 2537 570 2549 '
628 2541 731 2611 sps
764 2536 1047 2597 inmunde
1070 2568 1087 2584 ·

629 2631 675 2666 ²⁸
690 2640 748 2690 et
776 2631 1076 2691 concussit
1103 2629 1203 2691 illu

631 2730 732 2802 sps
752 2725 1068 2784 inmundus
1087 2757 1102 2772 ·

629 2829 687 2879 et
714 2819 975 2879 clamans
1002 2837 1150 2880 uoce

630 2931 851 2990 magna
879 2913 1057 2973 exiuit
1085 2915 1161 2973 ab
1186 2931 1261 2973 eo

629 3003 675 3040 ²²
691 3006 1055 3067 Mirabantur
1081 3013 1216 3067 aute

630 3118 839 3161 omnes
866 3111 923 3160 et
950 3102 1167 3179 conqui

630 3196 836 3254 rebant
862 3214 1010 3274 quae
1040 3205 1193 3255 esset

631 3289 896 3349 doctrina
923 3290 1032 3349 ista
1059 3308 1141 3349 no

630 3401 707 3442 ua
730 3416 744 3430 ·
790 3401 927 3443 curn
955 3393 1238 3460 potestate
1264 3414 1279 3430 ·

628 3487 686 3536 et
714 3478 851 3555 quia
879 3478 1171 3554 spiritibus

630 3571 928 3630 inmundis
961 3571 1117 3649 impe

633 3675 721 3724 rat
749 3674 806 3725 et
834 3665 1156 3724 obaudiunt

630 3760 721 3818 ei·
744 3791 758 3807 ·
808 3756 851 3791 ²¹¹
874 3760 952 3818 Et
979 3759 1117 3818 exiit
1145 3777 1214 3818 ru

629 3870 760 3913 mor
786 3853 880 3913 hic
906 3853 1121 3931 ubique

633 3947 790 4007 circa
816 3947 1089 4024 regiones
1116 3965 1194 4025 ga

630 4040 794 4101 lileae
819 4072 834 4088 ·
919 4038 964 4074 ’⁰
980 4059 1246 4116 egressus

631 4144 826 4194 autem
856 4135 1136 4195 continuo
1236 4199 1261 4216 f

631 4228 704 4287 de
734 4247 1040 4306 synagoga
1068 4246 1141 4288 ue

627 4322 711 4381 nit
738 4324 800 4382 in
828 4321 1073 4382 domurn

628 4417 869 4477 simonis
897 4425 957 4476 et
983 4416 1231 4478 andreae

1392 610 1649 671 iohanne
1669 643 1684 658 ·
1766 610 1814 644 ³⁰
1830 611 1955 672 iace

1392 705 1493 764 bat
1521 714 1716 765 autem
1746 724 1815 765 so

1390 817 1524 859 crus
1552 800 1793 859 simonis
1820 798 1875 859 fe

1388 893 1663 953 bricitans
1744 903 1803 953 et
1830 892 1890 952 di

1389 997 1532 1047 cunt
1558 989 1611 1047 ei
1641 987 1714 1047 de
1743 986 1837 1046 illa
1856 1017 1871 1033 ·
1892 1019 1906 1034 ·

1387 1079 1432 1113 ³¹
1453 1080 1556 1141 Ille
1585 1090 1780 1140 autem
1807 1081 1967 1141 uenit

1387 1184 1446 1234 et
1473 1174 1799 1235 extendens

1387 1287 1627 1328 manum
1667 1269 1848 1346 adpre

1385 1362 1586 1422 hendit
1613 1381 1746 1423 eam
1774 1373 1832 1422 et
1857 1361 1912 1422 le

1384 1458 1545 1516 uauit
1567 1488 1581 1503 ·
1646 1466 1703 1516 et
1730 1457 1872 1516 dimi

1387 1552 1460 1610 sit
1488 1551 1646 1610 illam
1674 1551 1871 1609 statim

1386 1645 1564 1706 febris
1601 1653 1659 1705 et
1691 1645 1846 1703 mnis

1385 1741 1572 1799 trabat
1598 1739 1705 1798 illis
1724 1770 1739 1785 ·
1762 1771 1846 1780 —

1384 1831 1430 1867 ⁸²
1446 1833 1598 1894 Cum
1627 1842 1821 1893 autem
1849 1830 1939 1892 sol

1387 1928 1697 1988 occidisset
1726 1927 1842 1987 fere

1386 2025 1528 2083 bant
1554 2022 1632 2082 ad
1659 2040 1797 2081 eum
1823 2039 1925 2080 om

1386 2136 1492 2177 nes
1520 2117 1672 2176 male
1699 2117 1893 2175 haben

1384 2221 1474 2271 tes
1501 2211 1675 2270 uariis
1702 2210 1800 2269 lan

1382 2306 1665 2382 guoribus
1687 2336 1702 2351 ·
1767 2313 1825 2364 et

1385 2409 1445 2462 et
1470 2417 1572 2462 eos
1600 2400 1701 2479 qui
1730 2397 1905 2458 demo

1386 2532 1484 2592 nia
1511 2532 1837 2592 habebant·
1863 2563 1880 2579 ·

1384 2626 1523 2685 ”Et
1551 2635 1673 2686 erat
1701 2626 1897 2685 omnis
1926 2624 2039 2685 ciui

1385 2730 1475 2781 tas
1503 2720 1865 2780 conueniens

1386 2815 1461 2874 ad
1491 2816 1725 2874 ianuam
1755 2815 1878 2875 eius
1909 2843 1924 2859 ·

1385 2908 1430 2942 ³⁴
1447 2919 1505 2968 et
1533 2911 1754 2968 curauit
1781 2907 1998 2967 multos

1386 3002 1539 3062 male
1568 3003 1851 3063 habentes
1874 3036 1889 3051 ·

1385 3098 1557 3157 uariis
1585 3098 1853 3176 languori

1384 3193 1498 3251 bus
1526 3201 1583 3252 et
1612 3192 1878 3253 demonia

1384 3284 1566 3344 multa
1594 3287 1839 3346 eiciebat
1860 3318 1876 3335 ·

1385 3389 1443 3439 et
1473 3398 1593 3440 non
1624 3381 1851 3440 sinebat
1877 3392 1997 3441 ea-

1382 3471 1545 3550 loqui
1574 3475 1854 3551 quoniam

1385 3568 1648 3627 sciebant
1676 3587 1811 3628 eum
1832 3602 1845 3616 ·
1873 3601 1886 3617 ·

1385 3661 1431 3694 ³⁶
1447 3661 1525 3720 Et
1552 3661 1805 3723 diluculo
1833 3675 2002 3723 exflur

1387 3774 1538 3833 gens
1567 3757 1706 3816 abiit
1735 3759 1796 3816 in
1823 3757 1898 3818 de

1389 3861 1605 3910 sertum
1633 3852 1831 3910 locum

1386 3946 1581 4023 ibique
1610 3947 1814 4005 orabat

1386 4039 1429 4073 ⁸⁶
1446 4039 1522 4098 Et
1550 4039 1850 4100 consecuti
1879 4048 2015 4100 sunt

1386 4151 1523 4193 eum
1551 4134 1745 4192 simon
1772 4144 1830 4193 et

1385 4227 1483 4304 qui
1513 4246 1647 4287 cum
1678 4246 1751 4286 eo
1780 4237 1942 4286 erant
1964 4257 1978 4273 ·

1383 4321 1428 4355 ⁸⁷
1446 4321 1523 4380 Et
1551 4340 1686 4381 cum
1713 4322 2071 4381 inuenissent

1383 4433 1518 4476 eum
1546 4415 1747 4477 dicunt
1773 4417 1828 4475 ei

2200 622 2335 672 runt
2362 622 2420 672 te
2443 643 2458 659 ·
2484 645 2498 658 ·
2540 611 2660 672 ⁸²'et
2689 612 2766 671 ait
2793 612 2833 670 il

2198 705 2267 764 lis
2295 724 2498 765 eamus
2525 707 2585 764 in
2613 725 2764 784 prox

2197 800 2380 859 simos
2405 801 2570 860 uicos
2597 809 2654 859 et
2682 800 2736 859 ci

2196 894 2403 953 uitates
2431 894 2509 954 ad
2536 893 2703 972 predi

2195 987 2451 1047 candum
2481 987 2555 1047 ad
2584 987 2700 1048 hoc

2193 1082 2355 1140 enim
2383 1081 2517 1142 ueni
2539 1114 2554 1128 ·

2194 1175 2240 1209 ⁸⁹
2255 1175 2333 1235 Et
2359 1186 2481 1235 erat
2508 1176 2818 1254 predicans

2192 1269 2256 1329 in
2284 1272 2599 1349 synagogis
2624 1270 2741 1348 gali

2193 1363 2319 1424 leae
2339 1396 2354 1412 ·
2416 1365 2671 1441 itemque
2699 1364 2774 1424 de

2194 1458 2397 1518 monia
2423 1460 2720 1537 expellens
2741 1490 2755 1506 ·

2192 1551 2334 1610 ⁴⁰Et
2360 1554 2519 1612 uenit
2547 1552 2623 1613 ad
2651 1571 2789 1614 eum
2809 1552 2865 1613 le

2193 1665 2406 1723 prosus
2435 1647 2618 1726 depre

2192 1759 2336 1800 cans
2362 1760 2497 1801 eum
2533 1752 2590 1801 et
2618 1743 2771 1819 adge

2191 1835 2454 1894 niculans
2483 1854 2544 1895 se
2573 1837 2776 1896 dicens

2192 1930 2241 1988 si
2267 1930 2355 1988 uis
2385 1940 2552 2007 potes
2580 1949 2678 1991 me

2190 2023 2475 2083 mundare
2498 2055 2513 2070 ·
2598 2024 2642 2057 ⁴¹
2662 2026 2744 2084 mi

2190 2127 2377 2178 sertus
2405 2127 2601 2178 autem
2628 2119 2717 2177 ihs
2740 2150 2755 2166 ·

2190 2221 2248 2272 et
2276 2210 2599 2271 extendens
2627 2231 2726 2273 ma

2192 2325 2338 2367 num
2367 2324 2533 2365 suam
2561 2317 2619 2366 et
2646 2317 2748 2366 tan

2189 2419 2338 2478 gens
2363 2419 2500 2462 eum
2528 2401 2604 2463 ait
2631 2401 2709 2462 illi

2190 2533 2332 2594 uolo
2359 2535 2641 2595 mundare

2191 2625 2238 2661 ⁴²
2254 2628 2329 2686 Et
2357 2646 2494 2688 cum
2523 2630 2740 2690 diceret

2193 2741 2335 2781 mox
2367 2722 2628 2782 discessit
2655 2724 2732 2782 ab

2194 2835 2268 2876 eo
2297 2816 2455 2895 lepra
2483 2826 2540 2877 et
2568 2835 2713 2876 mun

2193 2910 2363 2970 datus
2390 2921 2478 2970 est
2501 2943 2516 2958 ·
2575 2911 2619 2943 ⁴³
2636 2912 2714 2970 Et
2741 2929 2881 2972 com

2195 2992 2447 3064 minatus
2475 3016 2562 3065 est
2594 3006 2648 3065 ei
2675 3006 2767 3066 ihs

2193 3108 2253 3158 et
2282 3100 2472 3158 statim
2500 3100 2713 3160 dimisit

2193 3192 2356 3253 illum
2376 3226 2391 3241 ·
2456 3195 2500 3227 ⁴⁴
2520 3204 2577 3254 et
2604 3195 2743 3256 dicit
2770 3197 2826 3256 ei

2193 3288 2326 3347 uide
2355 3289 2574 3347 nemini
2603 3290 2704 3349 dix

2193 3382 2307 3441 eris
2330 3414 2344 3429 ·
2433 3382 2549 3441 Sed
2585 3384 2737 3444 uade

2191 3476 2438 3537 ostende
2466 3486 2521 3536 te
2550 3495 2712 3537 sacer

2194 3569 2318 3630 doti
2337 3601 2351 3617 ·
2436 3582 2493 3630 et
2522 3571 2735 3632 offeres

2194 3683 2304 3742 pro
2333 3664 2632 3724 emundati

2194 3777 2312 3819 one
2341 3768 2440 3817 tua
2463 3789 2477 3805 ·
2563 3777 2715 3836 quae

2195 3853 2492 3930 praecepit
2519 3870 2754 3930 moyses

2196 3948 2257 4005 in
2285 3947 2680 4007 testimonium

2195 4041 2306 4100 illis
2328 4072 2343 4087 ·
2368 4072 2383 4088 ·
2409 4073 2422 4087 ·
2468 4041 2512 4073 ⁴⁶
2531 4039 2669 4117 Ipse
2697 4046 2829 4102 aute

2193 4152 2462 4212 egressus
2489 4135 2679 4211 coepit

2195 4229 2492 4307 predicare
2519 4237 2576 4286 et
2605 4228 2695 4288 dif

2193 4322 2412 4382 famare
2442 4328 2712 4384 sermone

2949 622 3128 671 tatem
3156 613 3387 673 introire
3410 645 3425 660 ·

2954 704 3071 767 Sed
3101 705 3238 766 foris
3265 708 3326 766 in
3349 708 3423 768 de

2951 801 3118 859 sertis
3145 800 3290 860 locis
3318 820 3447 862 esse

2950 892 3028 951 Et
3055 896 3489 955 conueniebant

2949 987 3025 1046 ad
3052 1006 3187 1046 eum
3215 990 3470 1066 undique

2951 1088 3010 1141 2.
3032 1080 3139 1140 ¹Et
3166 1083 3374 1141 iterum
3402 1085 3563 1143 uenit

2950 1194 3307 1253 capernaum
3333 1186 3469 1254 post

2950 1269 3075 1330 dies
3148 1269 3227 1328 Et
3254 1270 3391 1329 audi

2948 1373 3074 1423 tum
3103 1374 3190 1424 est
3218 1364 3379 1441 quod

2948 1457 3009 1516 in
3037 1457 3216 1518 domo
3248 1468 3436 1518 esset·

2949 1551 3064 1611 ’Et
3094 1551 3405 1612 confestim
3434 1573 3555 1615 con

2947 1656 3238 1706 uenerunt
3267 1647 3389 1705 mul

2949 1739 2992 1800 ti
3014 1772 3029 1787 ·
3093 1740 3171 1798 ita
3196 1749 3260 1799 ut
3287 1740 3404 1799 iam
3433 1758 3558 1801 non

2948 1843 3224 1911 caperent
3251 1852 3437 1912 usque

2950 1928 3026 1987 ad
3053 1929 3288 1987 ianuam
3307 1959 3321 1975 ·
3385 1928 3464 1987 Et
3490 1926 3553 1989 lo

2953 2024 3235 2100 quebatur
3262 2022 3339 2080 ad
3366 2039 3472 2081 eos

2952 2118 3196 2177 uerbum
3217 2150 3229 2163 ·
3273 2116 3295 2149 ³
3313 2116 3390 2174 Et
3416 2134 3489 2174 ue

2892 2220 3103 2270 nerunt
3130 2210 3206 2270 ad
3233 2228 3369 2269 eum
3397 2209 3475 2269 ad

2947 2305 3194 2364 serentes
3223 2322 3364 2382 para

2947 2400 3185 2479 lyticum
3211 2399 3330 2480 ,qui
3371 2416 3409 2458 a

2948 2541 3217 2610 quattuor
3245 2539 3414 2608 porta

2949 2626 3183 2685 batur··
3229 2628 3250 2658 ⁴
3266 2625 3344 2683 Et
3373 2641 3511 2684 cum

2946 2738 3069 2779 non
3097 2720 3322 2797 possint
3350 2737 3491 2778 acce

2948 2813 3086 2873 dere
3114 2831 3255 2891 prae
3285 2813 3454 2871 turba

2948 2908 3316 2967 nudauerunt
3348 2916 3439 2965 tec

2949 3013 3076 3062 tum
3165 3002 3264 3061 ubi
3293 3012 3416 3060 erat
3441 3000 3534 3061 ihs
3558 3033 3573 3049 ·

2949 3106 3009 3156 et
3041 3096 3411 3156 dimisserunt

2951 3191 3290 3251 crabbatum
3317 3190 3378 3247 in
3408 3207 3529 3267 quo

2951 3296 3297 3374 paralyticus
3325 3296 3451 3355 iace

2951 3392 3053 3450 bat
3075 3421 3089 3437 ·
3174 3391 3196 3422 ⁶
3213 3408 3349 3449 curn
3375 3389 3528 3448 uidis

2953 3493 3041 3543 set
3068 3491 3263 3542 autem
3292 3483 3380 3542 ihs
3409 3482 3450 3541 fi

2952 3577 3090 3637 dem
3118 3576 3346 3636 illorum

2951 3672 3032 3730 ait
3058 3669 3376 3748 paralytico

2951 3765 3030 3823 fili
3058 3765 3299 3824 remissa
3328 3774 3464 3822 sunt

2950 3859 3050 3918 tibi
3079 3868 3321 3935 peccata
3350 3867 3449 3916 tua
3469 3891 3552 3901 —
3653 3913 3656 3916 ,

2950 3952 3172 4012 ‘Erant
3204 3962 3400 4011 autem
3428 3953 3530 4028 qui

2950 4046 3091 4107 dam
3119 4046 3192 4106 de
3221 4046 3422 4106 scribis

2951 4141 3218 4202 sedentes
3245 4149 3303 4200 et
3330 4141 3464 4218 cogi

2952 4246 3141 4297 tantes
3169 4237 3229 4294 in
3258 4233 3485 4294 cordib⁸

2953 4332 3072 4391 suis
3112 4332 3134 4364 ⁷
3156 4330 3295 4408 quid
3324 4329 3432 4387 iste

2194 4417 2284 4477 Ita
2310 4426 2372 4476 ut
2399 4417 2517 4477 iam
2544 4435 2669 4478 non
2696 4421 2906 4498 possit·
2950 4425 3257 4486 blasfemat
3337 4423 3470 4501 quis

3277 4535 3316 4585 Q
