4414 4917
790 336 908 384 102
2155 320 2429 382 SECD·
3192 331 3409 395 [xvm.
3440 335 3691 398 31-x1X.
3717 348 3799 398 23.

476 498 736 549 r01.141.
776 496 1033 556 hominis
1057 528 1071 543 ·
1116 494 1159 529 33
1176 495 1336 555 trade
1532 493 1577 529 ⁴²
1593 496 1670 554 Et
1689 496 1777 555 ihs
1800 493 1941 555 dixit
1963 497 2041 555 illi
2060 498 2212 573 respi
2340 495 2639 555 Zaccheus
2668 496 2812 554 dixit
3095 496 3225 556 ¹⁶Et
3247 497 3463 557 factum
3482 510 3569 558 est
3590 498 3654 558 ut
3672 499 3796 559 redi
3821 512 3950 562 ποι.
3974 515 4102 565 142.

779 600 872 650 tur
894 591 1056 650 enim
1084 591 1312 667 gentibs
1533 609 1601 650 ce
1664 591 1807 649 fides
1839 602 1936 650 tua
1964 601 2019 651 te
2051 592 2134 651 sal
2338 591 2413 650 ad
2441 591 2583 650 dfim
2604 622 2619 637 ·
2671 610 2810 651 ecce
2841 591 2899 650 di
3093 592 3300 651 rediret
3329 603 3577 669 accepto

777 695 835 745 et
864 686 1151 745 inludetur
1181 696 1238 744 et
1533 696 1662 743 uum
1682 686 1816 744 fecit
1878 686 1921 717 ‘³
1939 697 1995 746 et
2014 686 2216 746 confes
2336 686 2578 744 midium
2610 687 2833 746 bonon]
3090 704 3275 762 regno
3299 717 3313 732 ·
3342 716 3354 730 ·
3417 697 3474 746 et
3505 687 3668 747 iussit
3695 705 3775 748 uo

776 781 1078 857 inspuetur
1138 780 1182 813 33
1200 790 1257 839 et
1285 780 1364 841 fla
1532 780 1635 837 tim
1664 780 1843 838 uidit·
1904 791 1962 840 et
1991 792 2118 859 seq*
2336 797 2603 838 meorum
2631 779 2746 839 dr‘ie
2775 779 2854 840 do
3089 781 3206 839 cari
3235 798 3436 840 seruos
3466 782 3678 858 quibus

776 875 1055 950 gellatum
1084 875 1215 935 occi
1534 875 1699 932 batur
1728 875 1886 933 illurn
1951 894 2089 952 mag
2337 874 2685 950 pauperibus
2709 905 2723 920 ·
2784 885 2842 933 et
3089 873 3245 933 dedit
3273 876 3584 951 pecuniam
3611 886 3676 935 ut

776 968 914 1028 dent
941 970 1101 1028 illurn
1156 980 1215 1029 et
1243 980 1329 1029 ter
1532 968 1777 1027 nificans
1808 968 1907 1026 d1‘1'1
1970 979 2028 1028 et
2337 967 2385 1024 si
2415 967 2554 1044 quid
2583 968 2754 1027 alicui
2784 968 2907 1026 frau
3088 968 3259 1026 sciret
3287 981 3571 1046 quantum

773 1064 853 1122 tia
882 1064 973 1123 die
1002 1077 1262 1141 resurget
1282 1096 1295 1111 ·
1532 1063 1724 1120 omnis
1754 1064 1919 1140 plebs
1947 1074 2010 1122 ut
2038 1066 2096 1122 ui
2338 1059 2411 1118 de
2439 1061 2648 1120 abstuli
2706 1062 2886 1122 reddo
3088 1062 3332 1140 quisque
3361 1064 3596 1123 necotia

773 1156 818 1189 ³⁴
835 1158 912 1217 Et
940 1160 1049 1234 ipsi
1081 1158 1219 1216 nihil
1248 1158 1396 1217 horii
1530 1156 1614 1214 dit
1642 1156 1797 1216 dedit
1825 1157 2052 1216 laudern
2336 1155 2722 1232 quadruplum
2742 1187 2756 1202 ·
3087 1166 3179 1214 tus
3208 1165 3358 1216 esset
3382 1188 3396 1203 ·
3439 1156 3484 1190 ¹⁶
3502 1156 3680 1217 Uenit

771 1252 1176 1312 intellexerunt
1199 1285 1213 1299 .
1315 1266 1513 1331 [lec]tio
1535 1249 1612 1308 <16
1674 1256 1819 1313 †19.
1844 1252 1862 1284 3
1883 1262 1940 1310 et
1968 1253 2161 1328 ingres
2336 1248 2357 1280 ⁹
2377 1249 2473 1306 Ait
2502 1261 2698 1307 autem
2729 1250 2817 1309 ihs
2846 1250 2921 1309 ad
2951 1251 2989 1309 il
3087 1261 3280 1310 autem
3308 1251 3525 1327 primus
3585 1253 3643 1310 di

771 1346 875 1407 sed
905 1356 1026 1406 erat
1053 1348 1297 1406 uerbum
1341 1346 1502 1396 zacch
1534 1362 1631 1403 sus
1658 1346 2091 1422 perambulabsst
2335 1342 2457 1400 lum
2485 1344 2646 1421 quod
2672 1344 2846 1404 hodie
3085 1363 3226 1404 cens
3255 1346 3369 1404 dfie
3398 1364 3538 1404 rnna
3567 1357 3668 1405 tua

773 1441 1185 1500 absconditum
1217 1442 1292 1500 ab
1532 1438 1790 1499 hiericho
1832 1441 1855 1474 3
1878 1452 1935 1499 et
1963 1460 2101 1501 ecce
2337 1437 2492 1495 salus
2521 1437 2721 1497 domui
2750 1439 2883 1498 huic
3085 1439 3293 1498 decem
3320 1458 3490 1499 mnas
3520 1441 3696 1519 adqui

774 1538 860 1596 eis
883 1567 897 1582 ·
944 1546 1001 1595 et
1029 1554 1151 1594 non
1181 1536 1320 1595 intel
1529 1533 1616 1590 uir
1646 1535 1885 1592 nomine
1914 1553 2052 1595 zace
2337 1531 2487 1590 facta
2515 1543 2603 1590 est
2624 1564 2638 1578 ·
2697 1552 2772 1592 eo
2803 1534 2963 1612 quod
3087 1533 3217 1591 siuit
3236 1565 3250 1580 ·
3296 1533 3339 1566 ²⁷
3355 1534 3433 1592 Et
3461 1535 3540 1593 ait
3567 1535 3645 1593 illi
3674 1554 3749 1594 eu

775 1630 1041 1691 lexerunt
1071 1630 1232 1707 quod
1262 1631 1320 1689 di
1527 1645 1597 1686 us
1665 1638 1723 1686 et
1751 1628 1844 1687 hic
1875 1640 1996 1688 erat
2016 1661 2030 1676 ·
2104 1629 2226 1707 prin
2335 1626 2460 1702 ipse
2489 1627 2560 1684 sit
2590 1627 2739 1686 filius
2769 1631 2910 1687 abra
3084 1645 3156 1703 ge
3186 1628 3343 1687 bone
3373 1647 3535 1688 serue
3565 1631 3705 1707 quia

775 1726 1016 1785 cebatur
1036 1756 1049 1770 ·
1095 1725 1178 1786 †³⁶
1197 1725 1270 1783 Et
1301 1725 1391 1785 fac
1526 1740 1667 1798 ceps
1695 1724 2008 1800 puplicano
2332 1721 2406 1779 he
2429 1752 2443 1767 ·
2465 1752 2480 1767 ·
2524 1720 2569 1752 ¹⁰
2587 1722 2763 1781 Uenit
2792 1725 2952 1782 enim
3084 1722 3143 1780 in
3173 1723 3407 1782 modico
3437 1723 3621 1782 fidelis

772 1828 897 1877 tum
926 1829 1014 1878 est
1046 1838 1181 1878 cum
1211 1820 1286 1878 ad
1526 1835 1654 1875 rum
1687 1827 1742 1875 et
1773 1819 1888 1894 ipsse
1918 1819 2081 1878 diues
2101 1851 2115 1865 ·
2331 1816 2481 1874 filius
2513 1816 2766 1876 hominis
3083 1814 3237 1874 fuisti
3269 1847 3283 1862 ·
3350 1817 3482 1876 Eris
3511 1828 3680 1894 potes

770 1915 1190 1992 propinquaret
1220 1914 1279 1973 hi
1527 1910 1548 1943 3
1566 1911 1643 1969 Et
1671 1915 1950 1989 querebat
1981 1913 2176 1974 uidere
2330 1929 2606 1988 quaerere
2636 1924 2692 1970 et
2723 1912 2884 1971 saluii
3080 1920 3256 1968 tatem
3286 1910 3509 1969 habens
3538 1930 3716 1988 supra

771 2008 971 2067 ericho
1046 2026 1257 2066 caecus
1527 2004 1648 2062 ihm
1676 2007 1805 2082 quis
1833 2018 1985 2066 esset
2048 2018 2104 2066 et
2329 2005 2518 2063 facere
2547 2006 2707 2081 quod
2735 2007 2857 2083 peri
3081 2003 3283 2063 decern
3315 2005 3577 2065 ciuitates

773 2103 1012 2180 quidam
1043 2103 1284 2161 sedebat
1524 2118 1648 2158 non
1679 2111 1902 2176 poterat
1930 2119 2033 2178 pre
2329 2110 2450 2157 erat
2474 2130 2488 2145 ·
2535 2100 2575 2132 ¹¹
2597 2101 2740 2159 haec
2773 2101 2881 2159 illis
2910 2120 2985 2160 au
3080 2097 3121 2131 33
3140 2098 3216 2157 Et
3237 2099 3379 2158 alter
3399 2101 3560 2159 uenit
3581 2101 3781 2160 dicens

770 2215 939 2257 secus
968 2198 1126 2255 uiam
1153 2215 1289 2255 men
1524 2196 1692 2252 turba
1751 2196 1891 2271 quia
1919 2206 2074 2254 stura
2328 2193 2617 2253 dientibus
2640 2226 2653 2241 ·
2714 2195 2970 2255 adiciens
3079 2192 3194 2252 dr‘ie
3223 2212 3362 2252 mna
3392 2205 3490 2254 tua
3520 2195 3573 2254 fe

770 2292 934 2352 dicus
954 2324 969 2338 ·
1013 2292 1055 2323 ⁸⁰
1073 2293 1149 2350 Et
1178 2309 1314 2350 cum
1343 2310 1416 2350 au
1525 2288 1767 2364 pusillus
1797 2299 1920 2348 erat
1981 2290 2002 2321 ⁴
2023 2290 2101 2348 Et
2326 2286 2491 2345 Dixit
2520 2285 2884 2349 similitudine
3078 2288 3156 2346 cit
3190 2288 3445 2366 quinque
3474 2308 3641 2348 mnas
3665 2319 3680 2335 ·

771 2387 952 2445 disset
981 2386 1211 2444 turbam
1526 2400 1764 2441 currens
1793 2384 2053 2442 ascendit
2327 2400 2400 2440 eo
2431 2383 2590 2461 quod
2620 2394 2770 2442 esset
2800 2403 2906 2462 pro
3078 2381 3121 2415 ¹⁹
3139 2382 3238 2440 Ait
3267 2393 3461 2442 autem
3489 2394 3546 2441 et
3574 2383 3709 2442 huic

771 2529 1199 2596 pretereuntem
1527 2515 1585 2573 in
1615 2515 1881 2574 arborem
1918 2534 2058 2593 syco
2327 2534 2400 2592 pe
2429 2515 2774 2575 hierusalem
2794 2548 2808 2563 ·
3078 2526 3135 2574 et
3165 2525 3224 2573 tu
3254 2526 3382 2574 esto
3413 2533 3588 2593 supra

771 2614 1161 2690 interrogabat
1195 2612 1335 2690 quid
1526 2628 1757 2667 morum
1788 2620 1849 2669 ut
1879 2611 2011 2669 uide
2321 2619 2380 2667 et
2407 2610 2545 2685 quia
2573 2611 2918 2671 extimarent
3072 2610 3331 2686 quinque
3360 2611 3619 2668 ciuitates
3640 2641 3653 2656 ·
3678 2643 3690 2655 -

771 2707 887 2767 hoc
915 2719 1067 2767 esset
1086 2739 1100 2754 ·
1145 2707 1189 2740 ³⁷
1208 2708 1412 2766 nuntia
1524 2715 1611 2763 ret
1641 2704 1799 2763 illurn
1830 2707 1965 2783 quia
1995 2705 2032 2763 il
2322 2704 2483 2781 quod
2510 2704 2818 2763 confestim
3072 2701 3117 2735 ²⁰
3139 2703 3214 2762 Et
3234 2703 3375 2762 alter
3394 2706 3553 2763 uenit
3575 2705 3777 2764 dicens

771 2811 978 2859 uerunt
1007 2811 1202 2860 autern
1233 2801 1309 2859 illi
1525 2797 1581 2856 la
1608 2808 1769 2874 parte
1799 2811 1918 2857 erat
1946 2812 2073 2859 tran
2323 2816 2569 2873 regnum
2598 2799 2656 2857 di
2682 2799 2926 2858 manifes
3074 2796 3186 2855 dr'ie
3216 2816 3355 2856 ecce
3384 2816 3523 2856 mna
3551 2809 3652 2858 tua

771 2896 934 2971 quod
964 2895 1052 2953 ihs
1083 2912 1364 2953 nazoreus
1527 2892 1737 2950 siturus
1762 2923 1776 2938 ·
1820 2893 1936 2951 “Et
1964 2893 2054 2953 fac
2324 2902 2537 2951 taretur
2555 2924 2568 2938 ·
2595 2925 2609 2939 ·
2632 2925 2646 2939 ·
2690 2893 2733 2926 ²²
2753 2893 2912 2953 Dixit
2941 2913 3002 2953 er
3073 2909 3249 2968 quam
3279 2892 3459 2950 habui
3488 2910 3633 2970 repo

770 2990 974 3048 transit
998 3021 1011 3034 ·
1055 2989 1097 3020 33
1115 2989 1191 3046 Et
1225 2988 1413 3047 clama
1528 2996 1653 3044 tum
1682 2996 1769 3043 est
1798 2986 1937 3045 dum
1967 3000 2089 3046 tran
2322 3005 2402 3063 go
2426 3019 2439 3032 ·
2501 2987 2681 3047 homo
2712 2989 2948 3066 quidam
3075 2987 3242 3043 sitam
3275 2986 3335 3043 in
3359 2986 3590 3046 sudario
3609 3019 3621 3032 ·

770 3084 853 3141 uit
882 3083 1082 3142 dicens
1106 3115 1120 3129 ·
1186 3083 1284 3141 ihu
1315 3083 1391 3140 fili
1528 3080 1600 3138 sit
1631 3080 1717 3138 ihs
1780 3083 2097 3157 respiciens
2323 3092 2444 3140 erat
2475 3083 2637 3140 diues
2698 3085 2747 3141 is
2776 3084 2913 3141 abiit
3072 3076 3113 3111 33
3133 3081 3268 3157 quia
3296 3082 3459 3140 timui
3487 3091 3542 3140 te
3572 3081 3726 3159 quod

771 3176 946 3236 dauid
973 3178 1246 3236 miserere
1274 3178 1390 3235 mei
1415 3207 1429 3222 ·
1527 3175 1671 3232 uidit
1700 3175 1859 3233 illum
1924 3187 1979 3235 et
2009 3176 2105 3234 dix
2322 3177 2382 3233 in
2411 3176 2710 3251 regionem
2742 3178 2948 3254 longin
3073 3173 3254 3233 homo
3283 3176 3526 3234 austeris
3556 3194 3620 3235 es

771 3273 815 3306 ⁸⁹
833 3283 890 3331 et
920 3272 1018 3349 qui
1048 3272 1313 3347 preibant
1343 3272 1403 3328 in
1527 3269 1568 3325 it
1599 3269 1674 3326 ad
1702 3288 1838 3327 eum
1868 3270 2152 3329 zaccheae
2321 3287 2499 3347 quam
2529 3271 2791 3347 accipere
2819 3291 2924 3349 reg
3070 3268 3235 3328 tolles
3266 3269 3427 3347 quod
3460 3288 3583 3329 non

769 3367 1086 3442 crepabant
1114 3383 1248 3423 eum
1276 3374 1342 3423 ut
1525 3361 1732 3421 festina
1762 3363 2050 3423 descende
2075 3396 2089 3411 ·
2321 3382 2463 3421 num
2494 3374 2551 3422 et
2581 3366 2790 3423 reuerti
2814 3397 2827 3411 ·
2855 3397 2899 3408 -
3071 3364 3316 3439 posuisti
3339 3394 3353 3409 ·
3418 3363 3496 3422 Et
3525 3383 3619 3423 me

768 3470 982 3519 taceret
1003 3491 1016 3506 ·
1082 3461 1207 3536 ipse
1237 3477 1379 3519 uero
1522 3458 1659 3534 quia
1687 3457 1860 3516 hodie
1888 3458 1949 3517 in
1978 3459 2158 3519 domo
2320 3456 2361 3488 33
2384 3468 2440 3515 et
2468 3459 2704 3516 uocauit
2732 3459 2937 3518 decem
3072 3467 3156 3514 tes
3186 3457 3344 3535 quod
3374 3477 3495 3516 non
3528 3477 3587 3517 se

769 3555 952 3614 multo
982 3555 1169 3631 magis
1198 3555 1387 3614 clama
1524 3561 1622 3609 tua
1651 3562 1881 3628 oportet
1910 3572 2003 3612 me
2034 3572 2132 3614 ma
2319 3570 2521 3610 seruos
2552 3571 2689 3611 suos
2713 3585 2727 3600 ·
2789 3565 2845 3613 et
2873 3554 2944 3612 de
3070 3552 3270 3609 minati
3290 3585 3302 3598 ·
3326 3583 3338 3598 ·
3362 3583 3376 3598 ·
3419 3550 3463 3582 ²²
3482 3552 3644 3612 Dixit

769 3651 869 3708 bat
892 3681 906 3696 ·
970 3650 1049 3708 fili
1080 3650 1254 3708 dauid
1282 3651 1427 3709 mise
1523 3664 1661 3704 nere
1721 3647 1817 3706 ‘et
1846 3647 2122 3707 festinans
2320 3646 2401 3703 dit
2423 3646 2529 3705 illis
2558 3647 2763 3706 decem
2792 3666 2959 3706 mnas
2982 3679 2996 3694 ·
3069 3655 3263 3704 autem
3292 3645 3370 3703 illi
3430 3647 3503 3705 de
3532 3664 3632 3707 ore

767 3762 891 3803 rere
921 3745 1099 3802 mihi·
1143 3742 1190 3776 ⁴⁰
1208 3743 1378 3802 Stans
1522 3740 1822 3800 descendit
1883 3753 1940 3800 et
1966 3762 2109 3803 exce
2318 3750 2376 3798 et
2395 3741 2469 3799 ait
2493 3741 2568 3798 ad
2590 3742 2718 3801 illos
2784 3743 3020 3818 negotia
3070 3750 3171 3799 tuo
3201 3751 3255 3798 te
3286 3740 3481 3800 iudico
3503 3773 3517 3788 ·
3580 3759 3619 3801 o
3646 3774 3659 3789 ·

767 3849 962 3898 autem
991 3838 1080 3897 ihs
1107 3839 1267 3897 iussit
1520 3835 1604 3912 pit
1634 3835 1790 3893 illum
1819 3837 2081 3913 gaudens
2103 3869 2117 3884 ·
2321 3836 2464 3892 mini
2494 3835 2633 3894 dum
2663 3838 2937 3896 uenio—
3069 3834 3317 3892 infidelis
3347 3853 3511 3894 serue

769 3933 930 3992 illum
952 3933 1160 3992 adduci
1184 3933 1258 3992 ad
1286 3951 1381 3991 se·
1411 3965 1423 3980 ·
1451 3965 1464 3980 ·
1519 3930 1635 3988 Ἐἰ
1665 3949 1801 3989 cum
1830 3932 2090 3991 uiderent
2118 3950 2217 3992 orn
2319 3928 2363 3963 ¹⁴
2383 3929 2556 3989 Ciues
2579 3940 2772 3989 autem
2795 3932 2881 3989 sui
2904 3931 3017 3990 ode
3071 3938 3127 3987 et
3156 3929 3321 4005 piger
3341 3961 3354 3975 ·
3419 3929 3660 3991 Sciebas

768 4038 826 4087 et
854 4046 990 4087 cum
1019 4028 1421 4104 adpropiasset
1522 4042 1625 4082 nes
1654 4043 2024 4087 murmuraue
2320 4035 2448 4082 rant
2477 4025 2637 4082 illum
2658 4056 2672 4071 ·
2715 4037 2772 4083 et
2800 4026 2942 4085 mise
3070 4022 3231 4100 quod
3258 4042 3373 4100 ego
3402 4023 3586 4084 homo

769 4121 1144 4198 interrogauit
1173 4122 1270 4180 illu
1521 4129 1653 4176 runt
1679 4120 1934 4180 dicentes
1956 4153 1971 4168 ·
2317 4128 2451 4177 runt
2484 4118 2836 4197 legationem
3068 4119 3306 4183 austeris
3335 4136 3466 4176 sum
3487 4150 3501 4165 ·
3567 4120 3646 4180 tol

766 4215 809 4247 ⁴¹
829 4215 1030 4274 dicens
1089 4215 1232 4293 quid
1253 4215 1354 4273 tibi
1378 4216 1468 4274 uis
1522 4214 1659 4290 quia
1687 4214 1761 4272 ad
1788 4215 2090 4273 hominem
2319 4224 2454 4290 post
2483 4214 2642 4274 illum
2673 4215 2844 4275 dicen
3067 4212 3126 4272 lo
3154 4213 3316 4290 quod
3343 4231 3462 4272 non
3493 4215 3664 4290 posui
3689 4245 3704 4262 ·

767 4310 977 4369 faciam
998 4340 1012 4355 ·
1078 4319 1135 4367 at
1163 4309 1256 4368 ille
1285 4309 1426 4368 dixit
1520 4317 1889 4383 peccatorem
1919 4308 2097 4368 deuer
2317 4319 2405 4367 tes
2467 4309 2737 4368 nolumus
2767 4309 2920 4369 hunc
3068 4317 3125 4366 et
3154 4317 3312 4366 meto
3341 4309 3501 4385 quod
3529 4327 3651 4367 non

767 4414 828 4462 ut
856 4403 1089 4462 uideam
1117 4403 1229 4462 dfie
1255 4435 1268 4450 ·
1521 4402 1584 4461 tit
1608 4433 1622 4448 ·
1667 4402 1686 4434 3
1709 4401 1878 4461 Stans
1906 4409 2039 4462 aute
2319 4421 2557 4478 regnare
2587 4422 2758 4480 super
2789 4422 2896 4463 nos
3071 4402 3354 4461 seminani
3374 4433 3387 4447 ·
3433 4399 3475 4433 33
3497 4402 3574 4460 Et
3601 4421 3721 4480 qua
