4414 4917
849 2897 902 2946 ¹5

847 3550 908 3583 20

1785 415 2487 475 UINDOBONENSIA
2545 404 2632 494 (s)
3468 430 3548 490 23

1368 659 1655 726 Secundi
1694 662 2142 744 quaternionis
2168 660 2421 743 solium
2469 661 2737 726 tertium
2781 656 3023 745 (recto).

1733 869 1878 932 Fol.
1929 869 2075 952 73b
2119 865 2389 954 (Tisch.‚
2455 866 2647 954 Wh).

2877 969 3036 1037 Act.
3065 969 3279 1034 xxvii.
3317 982 3547 1049 17-24.

1363 1075 1723 1141 inciderent
1769 1076 2087 1161 depositis
2134 1076 2300 1141 uelis
2343 1076 2607 1140 fereban

1363 1211 1471 1266 tur
1517 1235 1533 1252 ·
1582 1201 1633 1241 ¹⁸
1659 1212 1727 1269 et
1771 1224 1924 1268 eum
1971 1204 2431 1270 uehementem
2478 1203 2692 1269 facere

1364 1351 1511 1396 mus
1556 1341 2020 1417 tempestatem
2068 1331 2370 1416 sequenti
2419 1332 2524 1397 die
2575 1332 2676 1397 iac

1364 1469 1505 1523 tum
1554 1458 1883 1526 faciebant
1929 1494 1944 1510 ·
1991 1459 2038 1499 ¹⁹
2063 1471 2129 1525 et
2175 1461 2370 1526 tertia
2416 1460 2521 1525 die
2569 1460 2743 1525 mani

1362 1588 1487 1651 bus
1533 1589 1669 1652 suis
1713 1600 2117 1654 armaturam
2166 1589 2354 1653 nauis
2399 1588 2582 1671 proie

1362 1728 1590 1782 cerunt
1638 1718 1704 1781 in
1751 1738 1930 1782 mare
1975 1716 2196 1800 ²⁰neq.
2242 1717 2382 1783 sole
2429 1737 2579 1800 neq.
2626 1715 2831 1781 stellis

1363 1845 1834 1929 apparentibus
1880 1866 1998 1929 per
2044 1846 2293 1912 multos
2339 1845 2481 1911 dies
2529 1879 2543 1894 ·
2589 1854 2656 1910 et

1365 1974 1576 2037 hieme
1621 1994 1699 2039 ac
1746 1982 2143 2059 tempestate
2271 1974 2473 2039 nimia
2518 1993 2636 2055 per

1363 2111 1706 2166 seuerante
1753 2102 1885 2168 iam
1933 2102 2407 2184 amputabatur

1351 2249 1503 2313 spes
1548 2230 1759 2294 omnis
1805 2230 2128 2295 liberandi
2173 2251 2294 2294 nos
2344 2264 2359 2279 ·
2404 2227 2455 2266 ²¹
2478 2239 2543 2295 et
2593 2238 2671 2294 cu

1361 2358 1492 2421 iam
1539 2359 1654 2423 diu
1699 2357 1838 2422 sine
1883 2359 2033 2423 cibo
2078 2368 2295 2423 essent
2341 2367 2496 2423 tunc
2542 2363 2677 2423 stas

1362 2488 1599 2570 paulus
1644 2487 1710 2550 in
1760 2488 1980 2553 medio
2027 2489 2321 2571 ipsorum
2360 2487 2455 2553 ait
2506 2521 2519 2536 ·
2564 2507 2732 2568 opor

1361 2625 1578 2682 tuerat
1622 2613 1891 2699 quidem
1939 2636 2059 2680 uos
2105 2615 2384 2680 ob⁰ediri
2430 2636 2537 2681 cre

1364 2745 1594 2810 dentes
1640 2744 1798 2809 mihi
1847 2765 1977 2809 non
2023 2745 2334 2828 nauigare
2377 2765 2418 2808 a
2464 2763 2569 2810 cre

1363 2882 1434 2937 ta
1480 2883 1549 2938 et
1595 2873 1828 2939 lucrari
1875 2876 2043 2940 hanc
2088 2875 2389 2939 iniuriam
2438 2883 2505 2939 et
2550 2875 2634 2938 de

1364 3004 1747 3067 trimentum
1795 3002 1848 3041 ²²
1869 3013 1938 3068 et
1974 3024 2147 3067 nunc
2194 3003 2467 3086 quidem
2514 3023 2636 3066 sua

1360 3133 1490 3199 deo
1536 3132 1727 3198 uobis
1771 3134 1950 3198 bono
1995 3134 2219 3199 animo
2264 3154 2409 3199 esse
2453 3133 2623 3197 amis

1364 3262 1429 3326 io
1475 3263 1649 3328 enim
1697 3263 1939 3327 nullius
1982 3264 2243 3327 animae
2291 3263 2415 3327 erit

1362 3413 1450 3455 ex
1497 3391 1688 3456 uobis
1725 3392 1848 3454 nisi
1894 3400 2153 3457 tantum
2203 3391 2389 3456 nauis
2437 3423 2452 3439 ·
2497 3387 2554 3427 ²³
2575 3387 2729 3455 adsti

1366 3520 1448 3583 tit
1486 3521 1659 3584 enim
1710 3518 1869 3583 mihi
1909 3520 2033 3583 hac
2080 3530 2275 3583 nocte
2320 3540 2493 3603 ange

1364 3649 1465 3713 lus
1511 3651 1580 3716 di
1623 3649 1807 3715 cuius
1852 3668 1997 3713 sum
2046 3657 2113 3712 et
2159 3649 2262 3713 cui
2311 3648 2614 3712 deseruio

1367 3777 1423 3814 ²⁴
1444 3778 1672 3843 dicens
1718 3811 1732 3827 ·
1781 3778 1913 3842 noli
1962 3778 2192 3843 timere
2238 3776 2432 3861 paule
2476 3797 2562 3841 an

1358 3916 1427 3972 te
1473 3927 1802 3972 caesarem
1852 3916 1919 3970 te
1963 3915 2225 3989 oportet
2271 3915 2445 3969 stare

1364 4048 1431 4102 et
1470 4058 1620 4102 ecce
1666 4036 1940 4103 donauit
1987 4037 2106 4102 tibi
2153 4036 2233 4099 ds
2279 4056 2512 4101 omnes
2557 4034 2669 4118 qui
