4414 4917
564 335 698 385 x111.
720 335 975 399 54-X1V.
995 331 1099 398 ²3-]

327 520 430 571 τοι.
445 522 528 571 86.
563 511 618 569 in
645 511 893 588 patriam
924 522 1086 571 sua--

346 3619 378 3678 †
393 3621 464 3675 inc

562 605 806 665 docebat
832 623 937 666 eos
965 607 1026 664 in

561 701 871 776 synagogis
898 705 1038 760 eoru
1057 724 1071 739 ·

561 793 646 852 Ita
675 805 738 852 ut
758 794 1012 852 miraren

560 897 645 946 tur
722 898 781 947 et
807 888 1065 947 dicerent
1089 920 1103 934 ·

559 981 708 1040 unde
737 980 869 1041 huic
899 982 1025 1058 sapi

558 1076 708 1134 entia
736 1075 881 1134 haec
912 1084 971 1133 et
997 1076 1083 1133 uir

559 1181 702 1228 tutes
722 1196 735 1210 ·
782 1169 827 1203 ⁸⁸
847 1168 1065 1228 Nonne

557 1262 644 1322 hic
673 1271 762 1321 est
789 1262 933 1321 fabri
962 1262 1038 1320 fili

557 1375 621 1415 us
640 1384 655 1396 ·
703 1355 920 1415 Nonne
950 1374 1048 1415 ma

557 1462 635 1509 ter
662 1451 787 1509 eius
814 1450 1019 1509 dicitur

556 1545 734 1604 maria
754 1580 768 1594 ·
810 1556 870 1603 et
895 1544 981 1602 fra

555 1649 667 1697 tres
694 1639 818 1698 eius
846 1639 975 1699 iaco

554 1734 659 1791 bus
686 1745 746 1793 et
773 1732 977 1809 ioseph
998 1764 1011 1778 ·

554 1826 626 1886 Et
653 1830 848 1887 simon
874 1837 933 1886 et
959 1825 1123 1885 iudas
1143 1861 1156 1876 ·

553 1920 594 1954 ⁸⁸
611 1922 686 1980 Et
714 1938 943 1981 sorores
969 1920 1092 1979 eius

554 2033 747 2076 nonne
774 2032 983 2075 omnes
1010 2032 1045 2072 a

553 2109 666 2186 pud
697 2127 807 2169 nos
840 2119 1003 2167 sunt·

549 2204 700 2262 unde
729 2221 872 2279 ergo
900 2202 1032 2261 huic

549 2297 745 2357 omnia
770 2298 878 2355 ista
899 2332 912 2347 ·
969 2297 1015 2330 ⁶⁷
1030 2295 1107 2355 Et

595 2406 740 2446 4-1111
776 2393 1010 2443 calendas
1031 2394 1246 2443 sebtem-

550 2460 658 2510 bres
725 2461 972 2525 pustridie
1040 2460 1246 2510 iohanni

549 2526 774 2591 bapteste

549 2610 1083 2669 scandalizabantur

550 2704 606 2761 in
633 2722 705 2764 eo
724 2730 737 2744 ·
781 2703 872 2762 ihs
901 2715 1077 2763 aute*

551 2796 686 2856 dixit
712 2798 796 2856 eis
877 2816 996 2856 non
1026 2809 1112 2858 est

551 2891 767 2967 profeta
795 2892 918 2950 sine
947 2892 1025 2952 ho

552 3003 689 3044 nore
719 2986 830 3043 nisi
857 2985 917 3044 in
946 3005 1023 3063 pa

552 3080 652 3138 tria
678 3098 784 3139 sua
812 3089 870 3137 et
897 3080 955 3138 in
985 3079 1064 3140 do

550 3190 648 3232 mo
673 3191 779 3231 sua
799 3199 813 3213 ·
857 3173 900 3206 ⁸⁸
916 3173 1047 3234 ideo

550 3284 667 3325 non
696 3266 830 3326 fecit
856 3268 935 3325 ibi
961 3269 1047 3325 uir

552 3370 693 3419 tutes
721 3361 933 3420 multas
950 3386 963 3399 ·

549 3465 781 3532 propter
809 3455 972 3514 incre

549 3547 844 3608 dulitatem
873 3548 971 3609 illo

548 3660 705 3700 rum·
766 3640 1166 3703 †l4.¹1nillo

547 3745 805 3813 tempore
834 3737 967 3795 audi
1010 3770 1247 3827 lectios‘c]

549 3831 627 3889 uit
654 3829 900 3890 herodes
921 3841 977 3890 te
1012 3842 1247 3892 iohannis

551 3922 776 3982 trarcha
806 3923 962 3983 fama
1009 3907 1240 3974 bapteste

549 4017 644 4076 ihu
663 4047 676 4062 ·
719 4015 817 4076 ²et
844 4018 922 4076 ait
949 4036 1064 4094 pue

550 4112 623 4169 ris
650 4112 769 4171 suis
847 4111 965 4172 Hic
994 4122 1085 4171 est

548 4205 826 4265 iohannes
852 4207 1043 4282 baptis

550 4309 638 4358 ta·
681 4300 807 4376 ipse
834 4301 1077 4359 surrexit

551 4410 586 4450 a
612 4393 851 4453 mortuis
872 4419 885 4434 ·
930 4404 988 4453 et
1016 4394 1151 4453 ideo

1811 307 2309 381 MATTHEU-

1310 510 1546 569 uirtutes
1573 528 1795 586 operan

1314 613 1402 661 tur
1429 605 1490 662 in
1519 623 1624 663 eo·
1669 604 1691 635 ⁸
1710 602 1807 661 He

1310 697 1480 755 rodes
1506 698 1661 755 enirn
1690 708 1827 757 tenu

1310 790 1352 848 it
1380 790 1697 850 iohannem
1725 801 1783 850 et
1811 791 1866 850 al

1309 883 1507 960 ligauit
1532 895 1591 942 et
1618 885 1772 944 misit

1310 995 1445 1035 eum
1473 978 1533 1035 in
1563 989 1859 1037 carcare'·

1309 1070 1552 1147 Propter
1579 1071 1777 1131 herodi

1308 1164 1481 1223 adam
1510 1184 1757 1225 uxorem

1306 1258 1544 1336 philippi
1574 1259 1760 1319 fratris

1307 1353 1424 1411 sui·
1472 1355 1492 1385 ⁴
1513 1352 1760 1412 Dicebat
1786 1360 1884 1412 eni

1304 1445 1381 1503 illi
1408 1445 1675 1506 iohannis
1704 1480 1717 1493 ·
1765 1465 1889 1506 non

1304 1539 1439 1599 licet
1466 1540 1565 1598 tibi
1593 1540 1806 1599 habere

1304 1652 1435 1692 eam
1456 1664 1469 1678 ·
1513 1634 1535 1666 ⁶
1551 1633 1627 1692 Et
1654 1633 1859 1694 uolens

1305 1726 1464 1785 illum
1494 1726 1759 1787 occidere

1304 1821 1490 1879 timuit
1517 1821 1798 1897 populum
1819 1860 1832 1874 .

1304 1915 1438 1991 quia
1465 1916 1631 1990 quasi
1658 1916 1821 1993 profe

1304 2019 1423 2067 tam
1451 2027 1585 2067 eum
1614 2008 1909 2070 habebant
1927 2047 1940 2061 ·

1301 2101 1451 2160 ‘Die
1480 2113 1673 2162 autem
1705 2105 1910 2163 natalis

1301 2194 1532 2254 herodis
1555 2222 1567 2235 ·
1614 2197 1757 2256 salta

1297 2290 1379 2348 uit
1406 2289 1582 2348 filiam
1610 2290 1810 2351 herodi

1300 2606 1423 2666 adis
1450 2608 1511 2665 in
1540 2607 1733 2667 medio
1764 2609 1833 2667 tri

1300 2700 1473 2760 clinio
1541 2712 1598 2759 et
1627 2701 1839 2777 placuit

1300 2793 1499 2854 herodi
1519 2821 1532 2834 ·
1580 2794 1771 2854 ''unde

1300 2888 1436 2948 cum
1467 2890 1791 2950 iuramento

1299 2983 1583 3059 pollicitus
1610 2993 1698 3042 est
1723 2985 1775 3042 ei
1803 2983 1879 3043 da

1299 3096 1359 3136 re
1386 3077 1795 3153 quodcumque

1299 3171 1643 3248 postulasset
1671 3174 1747 3232 ab
1773 3191 1878 3231 eo·

1298 3265 1319 3297 ⁸
1337 3267 1416 3323 At
1445 3265 1538 3322 illa
1566 3266 1926 3341 praemonita

1296 3378 1333 3417 a
1361 3371 1543 3417 matre
1573 3370 1672 3419 sua
1699 3361 1839 3419 dixit
1858 3388 1871 3401 ·

1297 3451 1373 3511 da
1401 3451 1575 3511 mihit’:
1603 3452 1697 3513 hic
1726 3455 1786 3512 in
1814 3454 1904 3514 dis

1297 3565 1404 3606 co·
1449 3545 1632 3623 kaput
1659 3548 1834 3608 iohan

1297 3641 1386 3699 nis
1414 3642 1695 3717 baptistae
1718 3669 1731 3682 ·

1296 3735 1318 3768 ⁹
1335 3735 1411 3793 Et
1438 3736 1775 3795 contr-itatus
1800 3749 1889 3797 est

1295 3848 1398 3889 rex
1428 3829 1673 3889 herodes
1697 3857 1710 3871 ·

1294 3935 1532 4001 propter
1560 3924 1817 3985 iuramen

1297 4029 1418 4077 tum
1448 4027 1642 4077 autem
1671 4031 1727 4078 et
1754 4031 1893 4098 pr0p

1297 4123 1381 4171 ter
1410 4113 1578 4171 simul
1607 4132 1805 4173 recum

1296 4207 1501 4265 bentes
1528 4207 1690 4265 iussit
1717 4206 1841 4267 dari
1863 4240 1877 4255 ·

1295 4297 1340 4333 ¹⁰
1356 4300 1433 4360 Et
1459 4301 1693 4360 mittens
1719 4301 1941 4362 decolla

1295 4395 1377 4453 uit
1402 4394 1715 4454 iohannem
1744 4397 1805 4454 in

2117 526 2381 567 carcere·
2426 506 2467 541 ¹¹
2486 516 2543 566 et
2579 507 2658 566 ad

2116 601 2298 685 latum
2326 611 2415 661 est
2442 602 2638 678 capud

2116 698 2241 755 eius
2268 697 2328 753 in
2357 696 2522 756 disco
2594 705 2652 755 et

2114 789 2316 848 datum
2343 800 2431 848 est
2459 789 2680 866 puellae
2699 820 2712 835 ·

2114 894 2172 941 et
2202 883 2386 942 attulit
2415 883 2582 941 matri

2114 995 2252 1036 suae
2276 1008 2291 1024 ·
2348 975 2394 1010 ¹²
2409 976 2487 1035 Et
2513 996 2719 1036 accese

2112 1081 2247 1130 runt
2275 1070 2543 1147 discipuli
2571 1071 2695 1130 eius

2110 1175 2168 1224 et
2196 1165 2444 1224 tulerunt
2471 1183 2574 1224 cor

2113 1276 2224 1334 pus
2252 1258 2374 1317 eius
2401 1268 2459 1316 et
2481 1258 2637 1335 sepel

2111 1351 2320 1410 lierunt
2348 1351 2484 1410 illud
2554 1362 2612 1411 et

2111 1455 2398 1504 uenerunt
2464 1455 2522 1504 et
2550 1465 2611 1506 re

2115 1540 2527 1597 nuntiauerunt

2112 1631 2247 1691 ihu·
2293 1630 2335 1664 ¹⁸
2352 1631 2491 1703 Quo
2521 1633 2655 1692 audi

2112 1736 2176 1785 tu
2203 1726 2294 1785 ihs
2324 1728 2560 1785 secessit
2585 1727 2646 1785 in

2112 1820 2184 1879 de
2214 1820 2273 1878 in
2304 1820 2572 1879 nauicula
2590 1852 2604 1868 ·

2110 1914 2169 1972 in
2198 1915 2395 1973 locum
2421 1914 2589 1974 deser

2110 2019 2235 2067 tum
2268 2026 2529 2068 seorsum

2109 2101 2185 2161 Et
2214 2120 2350 2161 cum
2378 2102 2674 2161 audissent

2107 2197 2307 2255 turbae
2388 2207 2619 2256 secutae

2106 2300 2242 2348 sunt
2268 2307 2403 2349 eum
2432 2307 2507 2367 pe

2103 2606 2295 2665 destre
2322 2605 2394 2666 de
2423 2607 2595 2666 ciuita

2102 2701 2255 2759 tibus
2272 2725 2285 2739 ·
2331 2699 2375 2733 ¹⁴
2391 2711 2449 2760 et
2477 2702 2710 2760 exsiens

2103 2794 2193 2853 ihs
2221 2794 2363 2853 uidit
2390 2796 2622 2854 turbam

2101 2888 2346 2947 multam
2414 2899 2472 2947 et
2498 2890 2580 2946 mi

2103 2995 2288 3042 sertus
2314 2995 2401 3043 est
2426 3002 2536 3060 pro
2563 2983 2671 3042 illis

2102 3088 2160 3136 et
2187 3078 2410 3138 curauit
2435 3078 2632 3155 langui

2101 3170 2210 3230 dos
2237 3190 2440 3230 eorum
2460 3198 2473 3212 ·
2587 3165 2706 3215 finet

2101 3265 2144 3298 ¹⁶
2163 3264 2422 3342 Uespere
2449 3276 2644 3326 autem
2671 3267 2762 3327 sac

2102 3371 2163 3420 to
2193 3371 2533 3419 acceserunt

2101 3453 2177 3512 ad
2203 3471 2340 3513 eum
2368 3454 2629 3530 discipuli

2099 3549 2223 3608 eius
2251 3548 2508 3607 dicentes
2525 3576 2539 3589 ·

2100 3642 2359 3702 desertus
2387 3653 2474 3701 est
2499 3642 2559 3704 lo

2099 3755 2205 3796 cus
2274 3746 2332 3795 et
2359 3735 2502 3796 hora
2528 3737 2645 3796 iam

2097 3831 2388 3909 praeteriit
2415 3831 2580 3889 dimit

2098 3937 2152 3984 te
2182 3926 2380 3983 turbas
2407 3934 2470 3983 ut
2498 3942 2613 3983 eun

2097 4031 2187 4079 tes
2215 4020 2275 4076 in
2303 4019 2537 4078 castella

2097 4122 2298 4173 emant
2327 4114 2434 4171 sibi
2462 4131 2629 4173 escas

2096 4207 2139 4240 ¹⁸
2156 4206 2257 4266 Ihs
2283 4217 2478 4266 autem
2507 4207 2679 4268 dixit·

2097 4321 2219 4362 non
2249 4302 2467 4362 habent
2495 4320 2668 4362 neces

2098 4414 2160 4455 se
2189 4397 2271 4455 ire
2290 4423 2303 4437 ·
2347 4395 2482 4456 date
2509 4397 2616 4458 illis
2643 4416 2752 4458 uos

3503 338 3579 405 19

2876 508 3266 571 manducare·
3294 545 3307 558 ·

2871 600 2915 635 ¹⁷
2936 602 3393 680 Responderunt
3419 609 3473 667 ei

2867 714 2989 756 non
3017 696 3300 759 habemus
3326 698 3413 761 hic
3439 729 3453 743 ·

2868 790 2977 849 nisi
3004 793 3257 870 quinque
3287 814 3366 872 pa

2870 903 2975 943 nes
3058 898 3114 945 et
3144 886 3292 947 duos
3322 890 3412 965 pis

2870 997 2969 1038 ces
2988 1005 3002 1019 ·
3047 977 3091 1012 ¹⁸
3108 979 3184 1038 Et
3212 982 3291 1040 ait
3318 982 3410 1042 ihs

2869 1071 3089 1131 adferte
3116 1092 3219 1133 eos
3247 1076 3325 1134 ad

2869 1183 2965 1224 me
2987 1192 3000 1205 ·
3042 1167 3084 1200 ¹⁹
3101 1166 3178 1226 Et
3205 1186 3341 1228 curn
3368 1170 3459 1230 ius

2870 1260 3036 1318 sisset
3064 1261 3295 1321 turbam

2869 1353 3232 1414 discumbere
3261 1375 3328 1415 su

2869 1467 2976 1525 pra
3006 1449 3205 1508 senum
3226 1477 3238 1491 ·
3285 1454 3378 1511 Ac

2868 1543 3052 1619 ceptis
3080 1543 3338 1620 quinque

2864 1637 3115 1713 panibus
3183 1648 3240 1697 et
3270 1637 3349 1698 du

2864 1730 3015 1789 obus
3043 1731 3300 1806 piscibus
3319 1757 3332 1770 ·

2862 1823 3170 1900 Aspiciens
3197 1825 3257 1881 in
3286 1824 3450 1885 caelt‘i
3469 1854 3484 1867 ·

2862 1917 3157 1976 benedixit
3185 1929 3242 1978 et
3271 1919 3354 1978 fre

2861 2011 2945 2087 git
2971 2021 3029 2069 et
3057 2010 3211 2070 dedit
3240 2012 3381 2072 disci

2860 2105 3010 2182 pulis
3039 2124 3220 2182 panes
3238 2130 3251 2144 ·
3292 2106 3383 2165 dis

2863 2200 3035 2276 cipuli
3065 2212 3257 2259 autem
3286 2211 3378 2259 tur

2864 2293 2952 2353 bis
2970 2319 2984 2334 ·
3028 2290 3146 2354 ¹⁰et
3172 2293 3466 2355 manduca

2862 2622 3071 2671 uerunt
3099 2630 3307 2672 omnes
3337 2624 3397 2673 et

2863 2707 3098 2764 saturati
3127 2717 3260 2766 sunt
3283 2733 3297 2747 ·

2860 2808 2919 2858 et
2945 2799 3212 2876 reliquias
3241 2801 3388 2861 colle

2859 2905 3068 2970 gerunt
3094 2894 3389 2956 duodeci-

2859 2987 3085 3048 cofinos
3111 2989 3318 3065 plenos
3341 3022 3354 3037 ·

2857 3078 2900 3113 ²¹
2919 3079 3405 3144 Manducantium
3434 3106 3510 3147 au

2860 3189 2979 3236 tem
3008 3177 3114 3236 suit
3142 3197 3417 3239 numerus
3436 3208 3450 3222 ·

2859 3272 3116 3349 quinque
3146 3273 3302 3331 milia
3329 3274 3389 3331 ui

2858 3384 3052 3424 rorum
3070 3392 3083 3405 ·
3128 3384 3315 3443 excep

2856 3461 2930 3518 tis
2957 3461 3146 3536 pueris
3173 3470 3230 3518 et
3257 3460 3398 3519 muli

2856 3554 3083 3612 eribus·
3128 3550 3264 3611 ”Et
3293 3556 3471 3613 stati-

2856 3646 2945 3705 ihs
2971 3647 3132 3705 iussit
3161 3646 3386 3724 discipu

2855 3740 2943 3800 los
2978 3759 3115 3800 suos
3144 3741 3398 3801 ascende

2852 3852 2914 3892 re
2943 3836 3004 3893 in
3033 3835 3361 3894 nauiculam
3381 3869 3397 3883 ·

2849 3938 2907 3986 et
2933 3928 3278 4004 praecedere
3309 3941 3435 3990 eu-

2850 4032 3009 4082 trans
3037 4021 3244 4081 fretum
3268 4049 3281 4064 ·

2850 4116 3039 4176 donec
3068 4117 3190 4193 ipse
3218 4117 3443 4179 dimitte

2846 4222 2932 4271 ret
2959 4213 3189 4271 turbas·
3244 4210 3289 4245 ¹³
3308 4214 3386 4274 Et
3412 4215 3474 4276 di

2849 4305 3027 4366 missa
3055 4309 3221 4366 turba
3249 4325 3316 4367 as

2850 4402 3043 4461 cendit
3071 4402 3129 4460 in
3158 4420 3304 4462 mon

3136 4553 3242 4592 132

3604 500 3728 549 rol.
3745 500 3831 552 87.
