<?xml version="1.0" encoding="UTF-8"?>
<!DOCTYPE html PUBLIC "-//W3C//DTD XHTML 1.0 Transitional//EN"
    "http://www.w3.org/TR/xhtml1/DTD/xhtml1-transitional.dtd">
<html xmlns="http://www.w3.org/1999/xhtml" xml:lang="en" lang="en">
 <head>
  <title>
</title>
<meta http-equiv="Content-Type" content="text/html;charset=utf-8" />
  <meta name='ocr-system' content='tesseract 3.04.00' />
  <meta name='ocr-capabilities' content='ocr_page ocr_carea ocr_par ocr_line ocrx_word'/>
</head>
<body>
  <div class='ocr_page' id='page_1' title='image "./oldlatinbiblica00wordgoog_0172.png"; bbox 0 0 4414 4917; ppageno 0'>
   <div class='ocr_carea' id='block_1_1' title="bbox 508 472 745 524">
    <p class='ocr_par' dir='ltr' id='par_1_1' title="bbox 508 472 745 524">
     <span class='ocr_line' id='line_1_1' title="bbox 508 472 745 524; baseline 0.013 -3"><span class='ocrx_word' id='word_1_1' title='bbox 508 473 635 524; x_wconf 69' lang='lat' dir='ltr'><strong>rol.</strong></span> <span class='ocrx_word' id='word_1_2' title='bbox 659 472 745 524; x_wconf 74' lang='lat'><strong>18.</strong></span> 
     </span>
    </p>
   </div>
   <div class='ocr_carea' id='block_1_2' title="bbox 801 309 922 359">
    <p class='ocr_par' dir='ltr' id='par_1_2' title="bbox 801 309 922 359">
     <span class='ocr_line' id='line_1_2' title="bbox 801 309 922 359; baseline 0.033 -5"><span class='ocrx_word' id='word_1_3' title='bbox 801 309 922 359; x_wconf 81' lang='lat'><strong>112</strong></span> 
     </span>
    </p>
   </div>
   <div class='ocr_carea' id='block_1_3' title="bbox 838 1962 1450 2183">
    <p class='ocr_par' dir='ltr' id='par_1_3' title="bbox 838 1962 1450 2183">
     <span class='ocr_line' id='line_1_3' title="bbox 853 1962 1419 2024; baseline 0.004 -2"><span class='ocrx_word' id='word_1_4' title='bbox 853 1962 1419 2024; x_wconf 89' lang='lat' dir='ltr'><strong>EUANGELIUM</strong></span> 
     </span>
     <span class='ocr_line' id='line_1_4' title="bbox 838 2121 1450 2183; baseline -0.003 -1"><span class='ocrx_word' id='word_1_5' title='bbox 838 2154 852 2168; x_wconf 95' lang='lat'><strong>·</strong></span> <span class='ocrx_word' id='word_1_6' title='bbox 886 2121 1155 2183; x_wconf 91' lang='lat' dir='ltr'>SECUN</span> <span class='ocrx_word' id='word_1_7' title='bbox 1182 2155 1194 2169; x_wconf 92' lang='lat'><strong>·</strong></span> <span class='ocrx_word' id='word_1_8' title='bbox 1222 2155 1235 2169; x_wconf 91' lang='lat'><strong>·</strong></span> <span class='ocrx_word' id='word_1_9' title='bbox 1261 2121 1450 2180; x_wconf 91' lang='lat' dir='ltr'><strong>DUM</strong></span> 
     </span>
    </p>
   </div>
   <div class='ocr_carea' id='block_1_4' title="bbox 904 2278 1491 2344">
    <p class='ocr_par' dir='ltr' id='par_1_4' title="bbox 904 2278 1491 2344">
     <span class='ocr_line' id='line_1_5' title="bbox 904 2278 1491 2344; baseline 0 -17"><span class='ocrx_word' id='word_1_10' title='bbox 904 2278 1077 2344; x_wconf 80' lang='lat' dir='ltr'><strong>,Lv</strong></span> <span class='ocrx_word' id='word_1_11' title='bbox 1138 2279 1365 2343; x_wconf 83' lang='lat' dir='ltr'><strong>KA..</strong></span> <span class='ocrx_word' id='word_1_12' title='bbox 1441 2312 1491 2328; x_wconf 92' lang='lat'><strong>..</strong></span> 
     </span>
    </p>
   </div>
   <div class='ocr_carea' id='block_1_5' title="bbox 894 2452 1378 2500">
    <p class='ocr_par' dir='ltr' id='par_1_5' title="bbox 894 2452 1378 2500">
     <span class='ocr_line' id='line_1_6' title="bbox 894 2452 1378 2500; baseline -0.002 0"><span class='ocrx_word' id='word_1_13' title='bbox 894 2452 984 2500; x_wconf 81' lang='lat' dir='ltr'><strong>Ex</strong></span> <span class='ocrx_word' id='word_1_14' title='bbox 1017 2475 1029 2489; x_wconf 93' lang='lat'><strong>·</strong></span> <span class='ocrx_word' id='word_1_15' title='bbox 1063 2474 1077 2490; x_wconf 90' lang='lat'><strong>·</strong></span> <span class='ocrx_word' id='word_1_16' title='bbox 1108 2452 1346 2500; x_wconf 78' lang='lat' dir='ltr'><strong>mmm·</strong></span> <span class='ocrx_word' id='word_1_17' title='bbox 1366 2475 1378 2488; x_wconf 92' lang='lat'><strong>·</strong></span> 
     </span>
    </p>
   </div>
   <div class='ocr_carea' id='block_1_6' title="bbox 841 2767 1459 3138">
    <p class='ocr_par' dir='ltr' id='par_1_6' title="bbox 841 2767 1459 3138">
     <span class='ocr_line' id='line_1_7' title="bbox 918 2767 1452 2816; baseline 0.004 -2"><span class='ocrx_word' id='word_1_18' title='bbox 918 2767 1452 2816; x_wconf 51' lang='lat' dir='ltr'><strong>man-urru-</strong></span> 
     </span>
     <span class='ocr_line' id='line_1_8' title="bbox 844 2913 1459 2976; baseline -0.007 0"><span class='ocrx_word' id='word_1_19' title='bbox 844 2913 1459 2976; x_wconf 89' lang='lat' dir='ltr'><strong>SE·CUN·DUM</strong></span> 
     </span>
     <span class='ocr_line' id='line_1_9' title="bbox 841 3071 1438 3138; baseline 0.002 -3"><span class='ocrx_word' id='word_1_20' title='bbox 841 3071 1058 3136; x_wconf 90' lang='lat' dir='ltr'><strong>MAR</strong></span> <span class='ocrx_word' id='word_1_21' title='bbox 1113 3072 1438 3138; x_wconf 91' lang='lat' dir='ltr'><strong>KVM···</strong></span> 
     </span>
    </p>
   </div>
   <div class='ocr_carea' id='block_1_7' title="bbox 2160 293 2446 358">
    <p class='ocr_par' dir='ltr' id='par_1_7' title="bbox 2160 293 2446 358">
     <span class='ocr_line' id='line_1_10' title="bbox 2160 293 2446 358; baseline 0.003 -3"><span class='ocrx_word' id='word_1_22' title='bbox 2160 293 2400 358; x_wconf 82' lang='lat' dir='ltr'><em>SECD</em></span> <span class='ocrx_word' id='word_1_23' title='bbox 2433 326 2446 341; x_wconf 94' lang='lat'><strong>·</strong></span> 
     </span>
    </p>
   </div>
   <div class='ocr_carea' id='block_1_8' title="bbox 1494 470 2255 2521">
    <p class='ocr_par' dir='ltr' id='par_1_8' title="bbox 1494 470 2255 923">
     <span class='ocr_line' id='line_1_11' title="bbox 1547 470 2255 546; baseline 0 -14"><span class='ocrx_word' id='word_1_24' title='bbox 1547 482 1782 533; x_wconf 39' lang='lat' dir='ltr'><strong>‘initia</strong></span> <span class='ocrx_word' id='word_1_25' title='bbox 1815 470 1886 536; x_wconf 55' lang='lat' dir='ltr'><strong>sei</strong></span> <span class='ocrx_word' id='word_1_26' title='bbox 1920 481 2255 546; x_wconf 55' lang='lat' dir='ltr'><strong>euangeliis»</strong></span> 
     </span>
     <span class='ocr_line' id='line_1_12' title="bbox 1495 560 2078 637; baseline 0.002 -18"><span class='ocrx_word' id='word_1_27' title='bbox 1495 561 1527 598; x_wconf 89' lang='lat'><strong>*</strong></span> <span class='ocrx_word' id='word_1_28' title='bbox 1550 568 1599 620; x_wconf 84' lang='lat'><strong>1.</strong></span> <span class='ocrx_word' id='word_1_29' title='bbox 1622 560 1641 594; x_wconf 84' lang='lat'>¹</span> <span class='ocrx_word' id='word_1_30' title='bbox 1662 563 1898 637; x_wconf 81' lang='lat' dir='ltr'><strong>Initium</strong></span> <span class='ocrx_word' id='word_1_31' title='bbox 1926 581 2078 622; x_wconf 89' lang='lat' dir='ltr'><strong>euan</strong></span> 
     </span>
     <span class='ocr_line' id='line_1_13' title="bbox 1495 654 1938 734; baseline 0.002 -19"><span class='ocrx_word' id='word_1_32' title='bbox 1495 654 1527 691; x_wconf 88' lang='lat'><strong>*</strong></span> <span class='ocrx_word' id='word_1_33' title='bbox 1548 656 1680 732; x_wconf 90' lang='lat' dir='ltr'><strong>gelii</strong></span> <span class='ocrx_word' id='word_1_34' title='bbox 1709 657 1806 716; x_wconf 79' lang='lat' dir='ltr'><strong>ihu</strong></span> <span class='ocrx_word' id='word_1_35' title='bbox 1836 660 1938 734; x_wconf 72' lang='lat' dir='ltr'><strong>xpi</strong></span> 
     </span>
     <span class='ocr_line' id='line_1_14' title="bbox 1496 749 1987 811; baseline 0 -3"><span class='ocrx_word' id='word_1_36' title='bbox 1496 750 1528 787; x_wconf 88' lang='lat'><strong>*</strong></span> <span class='ocrx_word' id='word_1_37' title='bbox 1553 749 1634 808; x_wconf 91' lang='lat' dir='ltr'><strong>fili</strong></span> <span class='ocrx_word' id='word_1_38' title='bbox 1662 750 1722 809; x_wconf 82' lang='lat' dir='ltr'><strong>di</strong></span> <span class='ocrx_word' id='word_1_39' title='bbox 1744 782 1758 797; x_wconf 92' lang='lat'><strong>·</strong></span> <span class='ocrx_word' id='word_1_40' title='bbox 1801 749 1823 782; x_wconf 78' lang='lat'><strong>¹</strong></span> <span class='ocrx_word' id='word_1_41' title='bbox 1842 753 1987 811; x_wconf 88' lang='lat' dir='ltr'><strong>sicut</strong></span> 
     </span>
     <span class='ocr_line' id='line_1_15' title="bbox 1494 843 1944 923; baseline 0.007 -22"><span class='ocrx_word' id='word_1_42' title='bbox 1494 843 1528 881; x_wconf 86' lang='grc'>*</span> <span class='ocrx_word' id='word_1_43' title='bbox 1548 844 1829 923; x_wconf 87' lang='lat' dir='ltr'><strong>scriptum</strong></span> <span class='ocrx_word' id='word_1_44' title='bbox 1857 855 1944 904; x_wconf 89' lang='lat' dir='ltr'><strong>est</strong></span> 
     </span>
    </p>

    <p class='ocr_par' dir='ltr' id='par_1_9' title="bbox 1494 938 2083 1110">
     <span class='ocr_line' id='line_1_16' title="bbox 1548 938 2050 1016; baseline 0.004 -20"><span class='ocrx_word' id='word_1_45' title='bbox 1548 938 1609 996; x_wconf 89' lang='lat' dir='ltr'><strong>in</strong></span> <span class='ocrx_word' id='word_1_46' title='bbox 1637 940 1795 998; x_wconf 89' lang='lat' dir='ltr'><strong>esaia</strong></span> <span class='ocrx_word' id='word_1_47' title='bbox 1823 938 2050 1016; x_wconf 89' lang='lat' dir='ltr'><strong>profeta</strong></span> 
     </span>
     <span class='ocr_line' id='line_1_17' title="bbox 1494 1031 2083 1110; baseline 0.002 -19"><span class='ocrx_word' id='word_1_48' title='bbox 1494 1032 1528 1070; x_wconf 86' lang='grc'>*</span> <span class='ocrx_word' id='word_1_49' title='bbox 1550 1031 1709 1091; x_wconf 89' lang='lat' dir='ltr'><strong>Ecce</strong></span> <span class='ocrx_word' id='word_1_50' title='bbox 1737 1035 1903 1092; x_wconf 90' lang='lat' dir='ltr'><strong>mitto</strong></span> <span class='ocrx_word' id='word_1_51' title='bbox 1931 1052 2083 1110; x_wconf 86' lang='lat' dir='ltr'><strong>ange</strong></span> 
     </span>
    </p>

    <p class='ocr_par' dir='ltr' id='par_1_10' title="bbox 1547 1126 2003 1186">
     <span class='ocr_line' id='line_1_18' title="bbox 1547 1126 2003 1186; baseline 0.002 -2"><span class='ocrx_word' id='word_1_52' title='bbox 1547 1126 1670 1185; x_wconf 91' lang='lat' dir='ltr'><strong>lum</strong></span> <span class='ocrx_word' id='word_1_53' title='bbox 1698 1145 1897 1185; x_wconf 89' lang='lat' dir='ltr'><strong>meum</strong></span> <span class='ocrx_word' id='word_1_54' title='bbox 1926 1146 2003 1186; x_wconf 91' lang='lat' dir='ltr'><strong>an</strong></span> 
     </span>
    </p>

    <p class='ocr_par' dir='ltr' id='par_1_11' title="bbox 1547 1220 2063 1280">
     <span class='ocr_line' id='line_1_19' title="bbox 1547 1220 2063 1280; baseline 0.004 -2"><span class='ocrx_word' id='word_1_55' title='bbox 1547 1230 1603 1279; x_wconf 87' lang='lat' dir='ltr'><strong>te</strong></span> <span class='ocrx_word' id='word_1_56' title='bbox 1631 1220 1838 1280; x_wconf 86' lang='lat' dir='ltr'><strong>faeiem</strong></span> <span class='ocrx_word' id='word_1_57' title='bbox 1868 1232 2029 1280; x_wconf 86' lang='lat' dir='ltr'><strong>tuam</strong></span> <span class='ocrx_word' id='word_1_58' title='bbox 2049 1252 2063 1267; x_wconf 92' lang='lat'><strong>·</strong></span> 
     </span>
    </p>

    <p class='ocr_par' dir='ltr' id='par_1_12' title="bbox 1547 1316 2005 1393">
     <span class='ocr_line' id='line_1_20' title="bbox 1547 1316 2005 1393; baseline 0 -19"><span class='ocrx_word' id='word_1_59' title='bbox 1547 1316 1646 1391; x_wconf 91' lang='lat' dir='ltr'><strong>qui</strong></span> <span class='ocrx_word' id='word_1_60' title='bbox 1675 1316 2005 1393; x_wconf 85' lang='lat' dir='ltr'>preparabit</span> 
     </span>
    </p>

    <p class='ocr_par' dir='ltr' id='par_1_13' title="bbox 1545 1409 1990 1467">
     <span class='ocr_line' id='line_1_21' title="bbox 1545 1409 1990 1467; baseline 0.002 -2"><span class='ocrx_word' id='word_1_61' title='bbox 1545 1409 1703 1467; x_wconf 88' lang='lat' dir='ltr'><strong>uiam</strong></span> <span class='ocrx_word' id='word_1_62' title='bbox 1735 1419 1893 1467; x_wconf 91' lang='lat' dir='ltr'><strong>tuam</strong></span> <span class='ocrx_word' id='word_1_63' title='bbox 1914 1440 1927 1455; x_wconf 93' lang='lat'><strong>·</strong></span> <span class='ocrx_word' id='word_1_64' title='bbox 1946 1441 1990 1454; x_wconf 93' lang='lat'><em>-</em></span> 
     </span>
    </p>

    <p class='ocr_par' dir='ltr' id='par_1_14' title="bbox 1545 1501 2101 1574">
     <span class='ocr_line' id='line_1_22' title="bbox 1545 1501 2101 1574; baseline 0 -13"><span class='ocrx_word' id='word_1_65' title='bbox 1545 1501 1567 1534; x_wconf 79' lang='lat'>³</span> <span class='ocrx_word' id='word_1_66' title='bbox 1590 1545 1608 1574; x_wconf 89' lang='lat'><strong>,</strong></span> <span class='ocrx_word' id='word_1_67' title='bbox 1630 1501 1769 1561; x_wconf 87' lang='lat' dir='ltr'><strong>on</strong></span> <span class='ocrx_word' id='word_1_68' title='bbox 1799 1503 2101 1563; x_wconf 85' lang='lat' dir='ltr'><strong>clamantis</strong></span> 
     </span>
    </p>

    <p class='ocr_par' dir='ltr' id='par_1_15' title="bbox 1547 1597 1901 1668">
     <span class='ocr_line' id='line_1_23' title="bbox 1547 1597 1901 1668; baseline 0.006 -14"><span class='ocrx_word' id='word_1_69' title='bbox 1547 1639 1565 1668; x_wconf 89' lang='lat'><strong>,</strong></span> <span class='ocrx_word' id='word_1_70' title='bbox 1584 1598 1644 1655; x_wconf 92' lang='lat' dir='ltr'><strong>in</strong></span> <span class='ocrx_word' id='word_1_71' title='bbox 1673 1597 1901 1656; x_wconf 88' lang='lat' dir='ltr'><strong>deserto</strong></span> 
     </span>
    </p>

    <p class='ocr_par' dir='ltr' id='par_1_16' title="bbox 1548 1691 2104 1769">
     <span class='ocr_line' id='line_1_24' title="bbox 1548 1691 2104 1769; baseline 0 -20"><span class='ocrx_word' id='word_1_72' title='bbox 1548 1734 1566 1763; x_wconf 90' lang='lat'><strong>,</strong></span> <span class='ocrx_word' id='word_1_73' title='bbox 1585 1702 1786 1769; x_wconf 89' lang='lat' dir='ltr'><strong>parate</strong></span> <span class='ocrx_word' id='word_1_74' title='bbox 1815 1692 1973 1750; x_wconf 87' lang='lat' dir='ltr'><strong>uiam</strong></span> <span class='ocrx_word' id='word_1_75' title='bbox 2004 1691 2104 1750; x_wconf 72' lang='lat' dir='ltr'><strong>dni</strong></span> 
     </span>
    </p>

    <p class='ocr_par' dir='ltr' id='par_1_17' title="bbox 1546 1785 2057 1858">
     <span class='ocr_line' id='line_1_25' title="bbox 1546 1785 2057 1858; baseline 0.004 -15"><span class='ocrx_word' id='word_1_76' title='bbox 1546 1828 1565 1858; x_wconf 85' lang='lat'>,</span> <span class='ocrx_word' id='word_1_77' title='bbox 1582 1795 1768 1844; x_wconf 86' lang='lat' dir='ltr'><strong>rectas</strong></span> <span class='ocrx_word' id='word_1_78' title='bbox 1796 1785 1965 1845; x_wconf 89' lang='lat' dir='ltr'><strong>facite</strong></span> <span class='ocrx_word' id='word_1_79' title='bbox 1994 1804 2057 1845; x_wconf 89' lang='lat' dir='ltr'><strong>se</strong></span> 
     </span>
    </p>

    <p class='ocr_par' dir='ltr' id='par_1_18' title="bbox 1545 1881 2006 1953">
     <span class='ocr_line' id='line_1_26' title="bbox 1545 1881 2006 1953; baseline 0.004 -16"><span class='ocrx_word' id='word_1_80' title='bbox 1545 1922 1564 1953; x_wconf 90' lang='lat'><strong>‚</strong></span> <span class='ocrx_word' id='word_1_81' title='bbox 1583 1881 1752 1939; x_wconf 85' lang='lat' dir='ltr'><strong>mitas</strong></span> <span class='ocrx_word' id='word_1_82' title='bbox 1782 1881 1905 1939; x_wconf 88' lang='lat' dir='ltr'><strong>eius</strong></span> <span class='ocrx_word' id='word_1_83' title='bbox 1929 1912 1942 1926; x_wconf 92' lang='lat'><strong>·</strong></span> <span class='ocrx_word' id='word_1_84' title='bbox 1963 1914 2006 1924; x_wconf 94' lang='lat'>—</span> 
     </span>
    </p>

    <p class='ocr_par' dir='ltr' id='par_1_19' title="bbox 1545 1973 2116 2034">
     <span class='ocr_line' id='line_1_27' title="bbox 1545 1973 2116 2034; baseline 0.002 -3"><span class='ocrx_word' id='word_1_85' title='bbox 1545 1976 1565 2007; x_wconf 80' lang='lat'><strong>⁴</strong></span> <span class='ocrx_word' id='word_1_86' title='bbox 1586 1973 1717 2033; x_wconf 83' lang='lat' dir='ltr'><strong>Fuit</strong></span> <span class='ocrx_word' id='word_1_87' title='bbox 1744 1974 2028 2034; x_wconf 90' lang='lat' dir='ltr'><strong>iohannes</strong></span> <span class='ocrx_word' id='word_1_88' title='bbox 2057 1974 2116 2032; x_wconf 90' lang='lat' dir='ltr'><strong>in</strong></span> 
     </span>
    </p>

    <p class='ocr_par' dir='ltr' id='par_1_20' title="bbox 1544 2068 1961 2145">
     <span class='ocr_line' id='line_1_28' title="bbox 1544 2068 1961 2145; baseline 0.002 -19"><span class='ocrx_word' id='word_1_89' title='bbox 1544 2068 1773 2129; x_wconf 88' lang='lat' dir='ltr'><strong>deserto</strong></span> <span class='ocrx_word' id='word_1_90' title='bbox 1800 2069 1961 2145; x_wconf 86' lang='lat' dir='ltr'><strong>bapti</strong></span> 
     </span>
    </p>

    <p class='ocr_par' dir='ltr' id='par_1_21' title="bbox 1543 2162 2073 2521">
     <span class='ocr_line' id='line_1_29' title="bbox 1545 2162 2035 2239; baseline -0.002 -18"><span class='ocrx_word' id='word_1_91' title='bbox 1545 2180 1685 2221; x_wconf 88' lang='lat' dir='ltr'><strong>zans</strong></span> <span class='ocrx_word' id='word_1_92' title='bbox 1711 2193 1725 2208; x_wconf 92' lang='lat'><strong>·</strong></span> <span class='ocrx_word' id='word_1_93' title='bbox 1785 2171 1843 2220; x_wconf 90' lang='lat' dir='ltr'><strong>et</strong></span> <span class='ocrx_word' id='word_1_94' title='bbox 1872 2162 2035 2239; x_wconf 89' lang='lat' dir='ltr'><strong>predi</strong></span> 
     </span>
     <span class='ocr_line' id='line_1_30' title="bbox 1545 2256 2012 2331; baseline -0.004 -16"><span class='ocrx_word' id='word_1_95' title='bbox 1545 2275 1687 2315; x_wconf 89' lang='lat' dir='ltr'><strong>cans</strong></span> <span class='ocrx_word' id='word_1_96' title='bbox 1718 2256 2012 2331; x_wconf 63' lang='lat' dir='ltr'><strong>baptismii</strong></span> 
     </span>
     <span class='ocr_line' id='line_1_31' title="bbox 1545 2350 2073 2427; baseline -0.002 -18"><span class='ocrx_word' id='word_1_97' title='bbox 1545 2350 1893 2427; x_wconf 86' lang='lat' dir='ltr'><strong>penitentiae</strong></span> <span class='ocrx_word' id='word_1_98' title='bbox 1922 2350 1982 2407; x_wconf 92' lang='lat' dir='ltr'><strong>in</strong></span> <span class='ocrx_word' id='word_1_99' title='bbox 2011 2369 2073 2409; x_wconf 89' lang='lat' dir='ltr'><strong>re</strong></span> 
     </span>
     <span class='ocr_line' id='line_1_32' title="bbox 1543 2444 2016 2521; baseline 0.004 -19"><span class='ocrx_word' id='word_1_100' title='bbox 1543 2444 1882 2504; x_wconf 87' lang='lat' dir='ltr'><strong>missionem</strong></span> <span class='ocrx_word' id='word_1_101' title='bbox 1905 2462 2016 2521; x_wconf 90' lang='lat' dir='ltr'><strong>pec</strong></span> 
     </span>
    </p>
   </div>
   <div class='ocr_carea' id='block_1_9' title="bbox 1544 2576 2185 4531">
    <p class='ocr_par' dir='ltr' id='par_1_22' title="bbox 1546 2576 2185 3403">
     <span class='ocr_line' id='line_1_33' title="bbox 1548 2576 2185 2654; baseline 0 -18"><span class='ocrx_word' id='word_1_102' title='bbox 1548 2587 1809 2637; x_wconf 85' lang='lat' dir='ltr'><strong>catorum</strong></span> <span class='ocrx_word' id='word_1_103' title='bbox 1842 2609 1855 2623; x_wconf 94' lang='lat'><strong>·</strong></span> <span class='ocrx_word' id='word_1_104' title='bbox 1901 2576 1923 2609; x_wconf 75' lang='lat'>⁸</span> <span class='ocrx_word' id='word_1_105' title='bbox 1941 2576 2020 2635; x_wconf 83' lang='lat' dir='ltr'><strong>Et</strong></span> <span class='ocrx_word' id='word_1_106' title='bbox 2047 2596 2185 2654; x_wconf 86' lang='lat' dir='ltr'><strong>egre</strong></span> 
     </span>
     <span class='ocr_line' id='line_1_34' title="bbox 1548 2671 2021 2730; baseline 0 -1"><span class='ocrx_word' id='word_1_107' title='bbox 1548 2671 1850 2730; x_wconf 89' lang='lat' dir='ltr'><strong>diebantur</strong></span> <span class='ocrx_word' id='word_1_108' title='bbox 1877 2671 1952 2730; x_wconf 92' lang='lat' dir='ltr'><strong>ad</strong></span> <span class='ocrx_word' id='word_1_109' title='bbox 1982 2672 2021 2729; x_wconf 93' lang='lat' dir='ltr'><strong>il</strong></span> 
     </span>
     <span class='ocr_line' id='line_1_35' title="bbox 1546 2763 2121 2825; baseline 0.005 -3"><span class='ocrx_word' id='word_1_110' title='bbox 1546 2763 1668 2823; x_wconf 90' lang='lat' dir='ltr'><strong>lum</strong></span> <span class='ocrx_word' id='word_1_111' title='bbox 1696 2766 1887 2824; x_wconf 88' lang='lat' dir='ltr'><strong>omnis</strong></span> <span class='ocrx_word' id='word_1_112' title='bbox 1916 2765 2121 2825; x_wconf 88' lang='lat' dir='ltr'><strong>iudeae</strong></span> 
     </span>
     <span class='ocr_line' id='line_1_36' title="bbox 1547 2859 2020 2934; baseline 0.002 -18"><span class='ocrx_word' id='word_1_113' title='bbox 1547 2859 1711 2934; x_wconf 88' lang='lat' dir='ltr'><strong>regio</strong></span> <span class='ocrx_word' id='word_1_114' title='bbox 1774 2869 1831 2917; x_wconf 91' lang='lat' dir='ltr'><strong>et</strong></span> <span class='ocrx_word' id='word_1_115' title='bbox 1860 2859 2020 2917; x_wconf 89' lang='lat' dir='ltr'><strong>hiero</strong></span> 
     </span>
     <span class='ocr_line' id='line_1_37' title="bbox 1549 2951 2082 3028; baseline 0.004 -19"><span class='ocrx_word' id='word_1_116' title='bbox 1549 2951 1848 3028; x_wconf 88' lang='lat' dir='ltr'><strong>solymitae</strong></span> <span class='ocrx_word' id='word_1_117' title='bbox 1876 2953 2082 3011; x_wconf 89' lang='lat' dir='ltr'><strong>uniuer</strong></span> 
     </span>
     <span class='ocr_line' id='line_1_38' title="bbox 1549 3046 2123 3121; baseline 0.005 -19"><span class='ocrx_word' id='word_1_118' title='bbox 1549 3047 1595 3103; x_wconf 90' lang='lat' dir='ltr'><strong>si</strong></span> <span class='ocrx_word' id='word_1_119' title='bbox 1621 3076 1635 3091; x_wconf 92' lang='lat'><strong>·</strong></span> <span class='ocrx_word' id='word_1_120' title='bbox 1697 3056 1753 3103; x_wconf 89' lang='lat' dir='ltr'><strong>et</strong></span> <span class='ocrx_word' id='word_1_121' title='bbox 1780 3046 2123 3121; x_wconf 86' lang='lat' dir='ltr'><strong>baptizaban</strong></span> 
     </span>
     <span class='ocr_line' id='line_1_39' title="bbox 1546 3140 2043 3199; baseline 0 -2"><span class='ocrx_word' id='word_1_122' title='bbox 1546 3149 1638 3198; x_wconf 91' lang='lat' dir='ltr'><strong>tur</strong></span> <span class='ocrx_word' id='word_1_123' title='bbox 1665 3140 1741 3196; x_wconf 90' lang='lat' dir='ltr'><strong>ab</strong></span> <span class='ocrx_word' id='word_1_124' title='bbox 1767 3157 1840 3197; x_wconf 89' lang='lat' dir='ltr'><strong>eo</strong></span> <span class='ocrx_word' id='word_1_125' title='bbox 1869 3140 1927 3196; x_wconf 89' lang='lat' dir='ltr'><strong>in</strong></span> <span class='ocrx_word' id='word_1_126' title='bbox 1958 3140 2043 3199; x_wconf 91' lang='lat' dir='ltr'><strong>ior</strong></span> 
     </span>
     <span class='ocr_line' id='line_1_40' title="bbox 1549 3232 2014 3291; baseline 0 0"><span class='ocrx_word' id='word_1_127' title='bbox 1549 3232 1701 3291; x_wconf 92' lang='lat' dir='ltr'><strong>dane</strong></span> <span class='ocrx_word' id='word_1_128' title='bbox 1760 3233 2014 3291; x_wconf 88' lang='lat' dir='ltr'><strong>confiten</strong></span> 
     </span>
     <span class='ocr_line' id='line_1_41' title="bbox 1548 3336 2065 3403; baseline 0 -18"><span class='ocrx_word' id='word_1_129' title='bbox 1548 3336 1634 3385; x_wconf 89' lang='lat' dir='ltr'><strong>tes</strong></span> <span class='ocrx_word' id='word_1_130' title='bbox 1657 3338 1899 3403; x_wconf 89' lang='lat' dir='ltr'><strong>peccata</strong></span> <span class='ocrx_word' id='word_1_131' title='bbox 1929 3345 2033 3385; x_wconf 90' lang='lat' dir='ltr'><strong>sua</strong></span> <span class='ocrx_word' id='word_1_132' title='bbox 2051 3358 2065 3374; x_wconf 91' lang='lat'><strong>·</strong></span> 
     </span>
    </p>

    <p class='ocr_par' dir='ltr' id='par_1_23' title="bbox 1544 3420 2117 4531">
     <span class='ocr_line' id='line_1_42' title="bbox 1545 3420 2117 3481; baseline 0.005 -3"><span class='ocrx_word' id='word_1_133' title='bbox 1545 3420 1567 3453; x_wconf 80' lang='lat'>⁸</span> <span class='ocrx_word' id='word_1_134' title='bbox 1583 3420 1659 3478; x_wconf 88' lang='lat' dir='ltr'><strong>Et</strong></span> <span class='ocrx_word' id='word_1_135' title='bbox 1686 3430 1808 3479; x_wconf 88' lang='lat' dir='ltr'><strong>erat</strong></span> <span class='ocrx_word' id='word_1_136' title='bbox 1835 3420 2117 3481; x_wconf 90' lang='lat' dir='ltr'><strong>iohannes</strong></span> 
     </span>
     <span class='ocr_line' id='line_1_43' title="bbox 1544 3515 1959 3591; baseline 0.005 -20"><span class='ocrx_word' id='word_1_137' title='bbox 1544 3515 1783 3574; x_wconf 79' lang='lat' dir='ltr'><strong>uestitus</strong></span> <span class='ocrx_word' id='word_1_138' title='bbox 1809 3515 1959 3591; x_wconf 86' lang='lat' dir='ltr'><strong>pilos</strong></span> 
     </span>
     <span class='ocr_line' id='line_1_44' title="bbox 1546 3608 2090 3669; baseline 0 -1"><span class='ocrx_word' id='word_1_139' title='bbox 1546 3608 1754 3668; x_wconf 89' lang='lat' dir='ltr'><strong>cameli</strong></span> <span class='ocrx_word' id='word_1_140' title='bbox 1779 3640 1793 3654; x_wconf 94' lang='lat'><strong>·</strong></span> <span class='ocrx_word' id='word_1_141' title='bbox 1856 3618 1914 3667; x_wconf 89' lang='lat' dir='ltr'><strong>et</strong></span> <span class='ocrx_word' id='word_1_142' title='bbox 1942 3627 2090 3669; x_wconf 87' lang='lat' dir='ltr'><strong>zona</strong></span> 
     </span>
     <span class='ocr_line' id='line_1_45' title="bbox 1546 3703 2038 3780; baseline 0.004 -20"><span class='ocrx_word' id='word_1_143' title='bbox 1546 3703 1770 3780; x_wconf 88' lang='lat' dir='ltr'><strong>pellicia</strong></span> <span class='ocrx_word' id='word_1_144' title='bbox 1799 3704 1950 3762; x_wconf 89' lang='lat' dir='ltr'><strong>circa</strong></span> <span class='ocrx_word' id='word_1_145' title='bbox 1979 3704 2038 3762; x_wconf 73' lang='lat' dir='ltr'><strong>ln</strong></span> 
     </span>
     <span class='ocr_line' id='line_1_46' title="bbox 1546 3797 2049 3855; baseline 0.002 -1"><span class='ocrx_word' id='word_1_146' title='bbox 1546 3798 1653 3855; x_wconf 88' lang='lat' dir='ltr'><strong>bos</strong></span> <span class='ocrx_word' id='word_1_147' title='bbox 1687 3798 1807 3855; x_wconf 87' lang='lat' dir='ltr'><strong>eius</strong></span> <span class='ocrx_word' id='word_1_148' title='bbox 1826 3828 1839 3842; x_wconf 94' lang='lat'><strong>·</strong></span> <span class='ocrx_word' id='word_1_149' title='bbox 1904 3807 1962 3855; x_wconf 90' lang='lat' dir='ltr'><strong>et</strong></span> <span class='ocrx_word' id='word_1_150' title='bbox 1989 3797 2049 3855; x_wconf 86' lang='lat' dir='ltr'><strong>lu</strong></span> 
     </span>
     <span class='ocr_line' id='line_1_47' title="bbox 1546 3890 2064 3950; baseline -0.002 0"><span class='ocrx_word' id='word_1_151' title='bbox 1546 3901 1739 3950; x_wconf 82' lang='lat' dir='ltr'><strong>custas</strong></span> <span class='ocrx_word' id='word_1_152' title='bbox 1768 3902 1824 3950; x_wconf 91' lang='lat' dir='ltr'><strong>et</strong></span> <span class='ocrx_word' id='word_1_153' title='bbox 1853 3890 1968 3949; x_wconf 92' lang='lat' dir='ltr'><strong>mel</strong></span> <span class='ocrx_word' id='word_1_154' title='bbox 1999 3891 2064 3949; x_wconf 91' lang='lat' dir='ltr'><strong>sil</strong></span> 
     </span>
     <span class='ocr_line' id='line_1_48' title="bbox 1546 3984 2111 4044; baseline -0.002 -1"><span class='ocrx_word' id='word_1_155' title='bbox 1546 3995 1771 4044; x_wconf 89' lang='lat' dir='ltr'><strong>uestrae</strong></span> <span class='ocrx_word' id='word_1_156' title='bbox 1802 3984 2012 4042; x_wconf 88' lang='lat' dir='ltr'><strong>edebat</strong></span> <span class='ocrx_word' id='word_1_157' title='bbox 2034 4016 2047 4031; x_wconf 94' lang='lat'><strong>·</strong></span> <span class='ocrx_word' id='word_1_158' title='bbox 2068 4016 2111 4029; x_wconf 90' lang='lat'>-</span> 
     </span>
     <span class='ocr_line' id='line_1_49' title="bbox 1547 4078 2043 4155; baseline 0.002 -19"><span class='ocrx_word' id='word_1_159' title='bbox 1547 4080 1565 4110; x_wconf 72' lang='lat'>⁷</span> <span class='ocrx_word' id='word_1_160' title='bbox 1584 4078 1678 4137; x_wconf 89' lang='lat' dir='ltr'><strong>hic</strong></span> <span class='ocrx_word' id='word_1_161' title='bbox 1708 4079 2043 4155; x_wconf 89' lang='lat' dir='ltr'><strong>predicabat</strong></span> 
     </span>
     <span class='ocr_line' id='line_1_50' title="bbox 1548 4173 2067 4248; baseline -0.002 -15"><span class='ocrx_word' id='word_1_162' title='bbox 1548 4173 1748 4233; x_wconf 87' lang='lat' dir='ltr'><strong>dicens</strong></span> <span class='ocrx_word' id='word_1_163' title='bbox 1812 4178 1955 4248; x_wconf 78' lang='lat' dir='ltr'><strong>qfim</strong></span> <span class='ocrx_word' id='word_1_164' title='bbox 1993 4193 2067 4232; x_wconf 90' lang='lat' dir='ltr'><strong>ue</strong></span> 
     </span>
     <span class='ocr_line' id='line_1_51' title="bbox 1547 4265 2053 4344; baseline 0.008 -21"><span class='ocrx_word' id='word_1_165' title='bbox 1547 4267 1667 4324; x_wconf 90' lang='lat' dir='ltr'><strong>niet</strong></span> <span class='ocrx_word' id='word_1_166' title='bbox 1694 4265 1891 4325; x_wconf 86' lang='lat' dir='ltr'><strong>fortior</strong></span> <span class='ocrx_word' id='word_1_167' title='bbox 1917 4278 2053 4344; x_wconf 86' lang='lat' dir='ltr'><strong>post</strong></span> 
     </span>
     <span class='ocr_line' id='line_1_52' title="bbox 1547 4361 2013 4421; baseline 0.006 -3"><span class='ocrx_word' id='word_1_168' title='bbox 1547 4378 1644 4418; x_wconf 92' lang='lat' dir='ltr'><strong>me</strong></span> <span class='ocrx_word' id='word_1_169' title='bbox 1702 4361 1865 4419; x_wconf 90' lang='lat' dir='ltr'><strong>cuius</strong></span> <span class='ocrx_word' id='word_1_170' title='bbox 1891 4380 2013 4421; x_wconf 88' lang='lat' dir='ltr'><strong>non</strong></span> 
     </span>
     <span class='ocr_line' id='line_1_53' title="bbox 1547 4454 1918 4531; baseline -0.005 -17"><span class='ocrx_word' id='word_1_171' title='bbox 1547 4472 1678 4514; x_wconf 87' lang='lat' dir='ltr'><strong>sum</strong></span> <span class='ocrx_word' id='word_1_172' title='bbox 1706 4454 1918 4531; x_wconf 88' lang='lat' dir='ltr'><strong>dignus</strong></span> 
     </span>
    </p>
   </div>
  </div>
 </body>
</html>
