4414 4917
828 346 948 393 122

505 507 628 557 ποι.
651 507 772 560 174.
819 503 1021 564 (1100115
1044 535 1059 551 ·
1118 504 1296 563 etiam

819 598 937 658 (1ῆο
993 616 1134 657 113111
1162 607 1220 657 et
1248 596 1400 657 cate!

818 692 859 752 li
888 692 1093 751 subtus
1121 697 1328 751 mensa

819 785 1038 846 aedunt
1066 785 1140 844 de
1167 785 1336 843 micis

819 897 1136 956 puerorum
1161 909 1174 924 ·
1218 875 1263 911 ²⁹
1279 878 1359 936 Et

819 973 898 1031 ait
926 972 1040 1030 illi·
1083 970 1232 1031 uade
1262 983 1403 1049 prop

817 1076 903 1125 ter
930 1066 1044 1125 hoc
1072 1068 1320 1125 uerbum

818 1161 960 1221 exiit
986 1160 1329 1219 demonium

818 1272 854 1313 a
873 1253 990 1312 filia
1017 1263 1118 1312 tua
1140 1284 1155 1299 ·
1177 1285 1191 1299 ·
1235 1252 1356 1312 ³⁰et
1383 1258 1460 1312 cu

816 1347 1071 1407 uenisset
1092 1346 1277 1405 domu

817 1440 1041 1499 inuenit
1069 1439 1245 1498 filiam
1275 1457 1345 1499 su

818 1552 918 1593 am
945 1535 1208 1592 iactatam
1237 1533 1298 1590 in
1326 1534 1412 1593 lec

818 1637 881 1686 to
906 1659 919 1673 ·
978 1637 1036 1687 et
1065 1627 1343 1687 demonisr

817 1723 1069 1781 eiectum
1094 1753 1108 1768 ·
1134 1752 1148 1767 ·
1191 1720 1232 1753 ⁸¹
1250 1719 1328 1780 Et
1357 1740 1454 1780 rur

816 1832 917 1874 sus
945 1832 1215 1891 egressus
1237 1833 1272 1875 a

816 1909 1030 1969 finibus
1059 1909 1166 1984 tyri
1195 1917 1252 1967 et
1280 1908 1328 1967 si

816 2002 988 2062 donis
1046 2001 1226 2061 Uenit
1255 2000 1331 2060 ad

816 2115 976 2156 mare
1004 2096 1241 2173 galileae
1263 2127 1278 2142 ·

816 2189 974 2249 Inter
1002 2189 1227 2249 medios
1256 2189 1394 2249 fines

816 2284 1114 2361 decapolis
1132 2315 1146 2330 ·
1190 2283 1235 2317 ⁸²
1252 2283 1330 2341 Et
1357 2281 1427 2342 of

815 2376 1007 2438 ferunt
1035 2379 1088 2438 ei
1118 2376 1296 2437 surdti

815 2510 892 2569 Et
920 2522 1151 2570 mutum
1170 2542 1184 2557 ·
1243 2519 1299 2570 et
1321 2510 1395 2569 de

816 2608 1302 2686 precabantur-eu

816 2709 881 2757 ut
909 2701 1215 2776 inponeret
1244 2699 1322 2757 illi

815 2811 1058 2852 manum
1092 2825 1140 2839 ··
1187 2793 1231 2826 ³⁸
1246 2793 1323 2851 Et
1353 2794 1480 2853 acci

813 2887 983 2962 piens
1012 2904 1149 2945 eum
1180 2886 1250 2945 de
1280 2896 1371 2945 tur

814 2983 889 3039 ba
920 2998 1181 3039 seorsum
1202 3011 1217 3026 ·
1277 2998 1350 3039 ex

811 3074 941 3149 puit
1002 3083 1061 3132 et
1088 3073 1243 3131 misit
1272 3073 1393 3148 digi

811 3177 905 3226 tos
934 3184 1074 3226 suos
1103 3167 1162 3224 in
1191 3168 1392 3226 auricu

810 3260 879 3319 lis
905 3262 1032 3321 eius
1057 3292 1071 3308 ·
1137 3271 1192 3319 et
1220 3261 1404 3337 tetigit

809 3355 1073 3430 linguam
1102 3355 1226 3414 eius
1250 3387 1263 3403 ·

809 3448 947 3508 ”Et
974 3449 1264 3526 aspiciens
1294 3449 1352 3507 in
1382 3451 1511 3510 celt'i

808 3542 1095 3618 ingemuit
1152 3553 1210 3602 et
1239 3544 1318 3602 ait

805 3636 1057 3713 eppheta
1114 3638 1275 3714 quod
1302 3647 1389 3697 est

804 3729 1100 3806 adaperire
1125 3762 1139 3777 ·
1183 3730 1229 3763 ⁸⁸
1245 3741 1304 3790 et
1332 3750 1369 3791 a

804 3835 965 3900 perte
994 3834 1127 3882 sunt
1154 3843 1324 3883 aures

803 3919 930 3976 eius
990 3927 1049 3976 et
1075 3919 1333 3977 solutum

832 4021 921 4070 est
952 4011 1256 4071 uinculum
1286 4012 1369 4072 lin

802 4122 918 4180 gue
947 4105 1072 4166 eius
1132 4115 1190 4165 et
1217 4105 1393 4183 loque

802 4198 969 4256 batur
996 4208 1185 4258 rectae
1210 4231 1224 4245 ·

2201 325 2448 390 ΒΕΘ,-

1572 504 1830 563 dicerent
1852 534 1866 549 ·
1893 533 1906 548 ·
1967 520 2126 579 quan

1570 607 1698 656 tum
1714 606 1912 656 autem
1942 597 2028 657 eis

1570 680 1924 768 precipiebat
1952 699 2012 751 at

1571 784 1649 843 illi
1679 794 1840 843 tanto
1870 784 2058 861 magis

1570 877 1949 954 predicabant

1569 971 1614 1005 ⁸⁷
1633 980 1690 1030 et
1717 989 1791 1030 eo
1820 971 2071 1047 amplius
2100 971 2189 1029 mi

1570 1067 1846 1124 rabantur
1914 1064 2085 1124 dicen

1570 1168 1657 1218 tes
1719 1161 1871 1218 bene
1900 1159 2064 1218 omni

1569 1254 1680 1311 bus
1709 1252 1842 1311 fecit
1910 1261 1967 1310 et
1996 1270 2095 1310 sur

1569 1345 1679 1405 dos
1708 1345 1838 1405 fecit
1868 1345 2064 1404 audire

1568 1450 1627 1499 et
1654 1451 1852 1498 mutos
1880 1439 2148 1516 loqui*—

1520 1530 1549 1563 *
1578 1540 1637 1593 8.
1661 1532 1771 1593 ¹1n
1801 1533 1908 1592 illis
1936 1544 2131 1593 autem
2161 1534 2254 1593 die

1519 1625 1549 1659 ¹⁸²
1578 1630 1688 1687 bus
1747 1646 1884 1688 cum
1913 1629 2095 1688 multa

1519 1720 1547 1754 ²*
1573 1724 1742 1782 turba
1770 1732 1924 1783 esset
1982 1741 2093 1782 nec

1520 1815 1547 1847 ”¹
1575 1817 1853 1877 haberent
1909 1817 2072 1893 quod
2115 1893 2122 1901 Ι

1517 1910 1547 1944 *
1570 1911 1989 1970 manducarent
2011 1943 2026 1958 ·

1565 2007 1906 2066 conuocatis
1937 2004 2081 2064 disci

1566 2100 1720 2178 pulis
1749 2101 1828 2157 ait
1854 2099 1964 2158 illis
2021 2097 2042 2131 ²
2060 2099 2141 2157 mi

1570 2211 1764 2253 sereor
1792 2212 1969 2271 supra
1996 2203 2089 2252 tur

1569 2290 1707 2347 bam
1737 2287 1889 2347 hanc
1910 2319 1924 2334 ·
1988 2288 2207 2364 quonia

1567 2382 1822 2441 triduum
1849 2381 2126 2441 adherent

1568 2515 1709 2573 mihi
1770 2533 1879 2574 1100
1908 2514 2124 2573 habent

1567 2607 1727 2686 quod
1756 2608 2110 2667 manducent
2141 2639 2154 2653 ·

1567 2705 1583 2730 ³³
1604 2711 1661 2760 et
1689 2703 1973 2762 dimittere
2002 2701 2129 2761 illos

1565 2796 1793 2856 ieiunos
1823 2796 1984 2854 domi
2014 2795 2156 2854 nolo
2181 2827 2194 2841 ·

1565 2907 1640 2948 ne
1669 2889 1980 2966 fatigentur
2006 2890 2066 2947 in
2116 2883 2123 2886 ’

1565 2982 1662 3040 uia
1683 3014 1696 3028 ·
1720 3015 1732 3030 ·
1794 2983 1874 3040 Et
1900 2983 2076 3059 aliqui
2103 3002 2177 3043 ex
2206 2984 2245 3042 il

1564 3076 1635 3134 lis
1663 3076 1894 3152 alonge
1924 3087 2207 3135 uenerunt
2229 3109 2241 3124 ·

1564 3170 1587 3203 ⁴
1604 3168 1681 3228 Et
1707 3170 2131 3247 responderunt
2157 3171 2193 3228 il

1564 3263 1603 3320 li
1634 3263 1897 3339 discipuli
1925 3264 2052 3322 eius

1563 3356 1717 3416 unde
1745 3367 1844 3415 θ05
1872 3355 2071 3433 poterit
2100 3356 2173 3416 ali

1561 3450 1693 3527 quis
1721 3461 1971 3509 saturare
2001 3469 2078 3528 pa

1559 3543 1731 3602 nibus
1759 3543 1821 3602 in
1850 3544 2082 3603 solitudi

1559 3656 1634 3696 ne
1658 3669 1671 3683 ·
1716 3637 1833 3697 *Et
1866 3639 2158 3715 interroga

1558 3732 1642 3789 uit
1669 3749 1773 3791 eos
1800 3731 1961 3809 quod
1989 3749 2173 3808 panes

1557 3824 1782 3884 habetis
1807 3857 1821 3872 ·
1881 3824 1959 3884 At
1989 3826 2065 3883 illi

1557 3915 1823 3978 dixerunt
1852 3930 2075 3996 septem
2095 3951 2108 3965 ·

1554 4013 1576 4045 ⁶
1593 4011 1671 4070 Et
1698 4015 1955 4090 precepit
1984 4014 2165 4071 turbis

1554 4105 1917 4166 discumbere
1951 4125 2127 4183 supra

1555 4209 1766 4259 terram
1790 4231 1803 4245 ·
1863 4200 1941 4259 Et
1969 4219 2150 4276 accep

802 4289 938 4348 ”Et
959 4292 1216 4368 precepit
1232 4292 1339 4350 illis
1358 4324 1372 4339 ·
1439 4303 1503 4354 ut
1553 4293 1623 4352 tis
1658 4304 1883 4369 septem
1911 4294 2162 4371 panibus

801 4400 876 4441 ne
906 4384 1000 4442 cui
1029 4385 1351 4462 quidquam

1552 4387 1765 4461 gratias
1792 4386 1909 4464 egit
1939 4405 2007 4446 ac
2040 4386 2207 4463 fregit

2376 512 2434 561 et
2463 500 2621 560 dedit
2649 501 2947 578 discipulis

2377 596 2497 656 suis
2559 606 2623 654 ut
2651 595 2887 672 adpone

2375 700 2503 748 rent
2565 699 2622 748 et
2649 689 2876 766 adposu

2374 792 2544 842 erunt
2571 792 2706 842 ante
2735 783 2929 843 turbas

2373 876 2396 909 ⁷
2414 876 2733 935 Habebant
2760 887 2961 936 autem

2371 980 2428 1031 et
2463 988 2687 1047 paucos
2716 970 2931 1047 pisscicu

2371 1064 2461 1123 105
2480 1095 2506 1110 ·-
2553 1074 2610 1123 et
2638 1061 2849 1141 gratias
2878 1081 2914 1122 a

2373 1176 2520 1233 gens
2543 1188 2558 1203 ·
2622 1158 2786 1216 iussit
2814 1166 2872 1216 et
2900 1158 2937 1215 il

2372 1252 2462 1310 los
2492 1250 2708 1327 adponi
2730 1282 2744 1297 ·
2788 1251 2887 1310 ’et

2373 1344 2877 1403 manducauerunt
2895 1377 2908 1390 ·

2374 1449 2429 1498 et
2458 1439 2694 1498 saturati
2724 1449 2862 1498 sunt
2885 1470 2900 1485 ·

2374 1532 2450 1590 Et
2480 1532 2836 1591 sustulerunt

2375 1626 2537 1703 quod
2566 1644 2711 1702 supe
2739 1629 2879 1684 raue

2375 1724 2603 1778 iauerat
2632 1718 2759 1795 frag

2375 1822 2706 1871 mentorum
2746 1830 2883 1890 spor

2373 1915 2460 1964 tas
2489 1916 2714 1983 septem
2744 1937 2758 1952 ·

2373 2001 2393 2032 ⁹
2417 2000 2673 2058 Fuerunt
2702 2009 2900 2058 autem

2371 2095 2469 2171 qui
2498 2094 2865 2153 manducaue

2369 2198 2506 2252 runt
2563 2188 2682 2247 fere
2709 2197 2849 2264 quat

2370 2293 2501 2341 tuor
2531 2283 2689 2340 milia
2717 2281 2878 2341 homi

2370 2395 2514 2434 num
2578 2387 2633 2435 et
2663 2375 2878 2434 dimisit

2369 2509 2498 2567 illos
2519 2540 2533 2555 ·
2576 2507 2621 2544 ¹⁰
2639 2519 2697 2569 et
2725 2509 2918 2568 statim

2373 2603 2634 2663 ascendit
2662 2604 2723 2660 in
2751 2603 2887 2660 naui

2372 2697 2566 2756 culam
2595 2714 2731 2757 cum
2761 2696 2849 2755 dis

2371 2791 2576 2866 cipulis
2605 2790 2725 2848 suis
2749 2820 2762 2835 ·
2823 2799 2881 2847 et
2909 2807 2986 2848 ue

2371 2885 2454 2942 nit
2482 2886 2544 2943 in
2570 2895 2795 2960 partem
2823 2883 2917 2942 dal

2369 2977 2651 3037 manutha
2675 3010 2686 3022 ·
2714 3008 2727 3022 ·
2775 2974 2816 3008 ¹¹
2834 2977 2984 3036 Exie

2368 3080 2500 3130 runt
2528 3080 2723 3130 autem
2752 3069 2853 3129 fari

2367 3166 2484 3225 saei
2544 3176 2601 3225 et
2629 3175 2950 3241 coeperunt

2291 3309 2292 3316 ,
2366 3259 2691 3335 disceptare
2720 3276 2859 3318 cum
2887 3259 2924 3318 il

2289 3383 2292 3408 ι
2362 3353 2422 3411 10
2485 3362 2793 3430 querentes

2363 3447 2600 3524 aliquod
2631 3447 2866 3522 signum

2363 3541 2440 3600 ab
2466 3559 2539 3600 eo
2575 3540 2648 3599 de
2677 3540 2806 3600 celo
2833 3550 2954 3599 tem

2362 3644 2550 3693 tantes
2578 3652 2713 3693 eum
2734 3665 2748 3680 ·
2791 3634 2833 3668 ¹²
2851 3633 2929 3691 Et

2362 3728 2763 3805 ingemescens
2792 3732 2902 3803 spu

2361 3840 2469 3881 suo
2499 3823 2576 3880 ait
2597 3854 2611 3869 ·
2671 3821 2813 3898 quid
2840 3839 2958 3897 gen

2359 3916 2539 3975 eratio
2570 3916 2677 3975 1100
2707 3916 2878 3992 signii

2358 4010 2583 4087 quaerit
2605 4041 2619 4056 ·
2680 4011 2875 4068 Amen

2359 4104 2492 4162 dico
2521 4103 2693 4163 uobis
2721 4103 2770 4162 si
2798 4102 2874 4162 da

2356 4198 2507 4257 bitur
2534 4197 2793 4273 generati

2354 4292 2455 4351 oni
2482 4291 2616 4351 huic
2647 4292 2880 4368 signum

2353 4385 2396 4418 ¹⁸
2417 4385 2492 4444 Et
2522 4386 2775 4446 dimissis
2803 4385 2912 4446 illis

3294 334 3436 399 [VII.
3461 338 3716 392 28-v111.
3744 354 3824 391 20.

3129 500 3346 559 Iterum
3377 520 3556 562 ascen

3127 595 3274 654 dens
3301 595 3364 654 in
3392 614 3608 655 nauem

3126 689 3265 748 abiit
3294 689 3543 749 transfre

3125 793 3249 841 tum
3307 780 3352 815 ¹⁴
3374 793 3432 842 et
3458 784 3623 843 obliti
3653 794 3788 843 sunt

3124 893 3309 953 panes
3339 894 3567 936 sumere
3591 909 3605 924 ·
3628 910 3641 923 ·

3126 968 3257 1029 Nisi
3286 988 3470 1028 unum
3499 989 3717 1047 panem

3126 1081 3305 1139 quem
3335 1081 3538 1122 secum
3566 1063 3643 1123 ha

3127 1159 3343 1216 bebant
3371 1158 3431 1215 in
3462 1169 3665 1216 naue*

3126 1250 3169 1284 ¹⁶
3186 1250 3263 1309 Et
3290 1253 3551 1328 precepit
3578 1252 3688 1312 illis
3715 1251 3777 1312 di

3125 1363 3265 1404 cens
3327 1346 3523 1404 uidete
3545 1364 3581 1405 a

3122 1437 3409 1498 fermento
3440 1438 3611 1498 farise

3122 1538 3230 1590 ort-1
3289 1541 3345 1590 et
3374 1550 3409 1590 a
3437 1531 3660 1591 fermen

3123 1634 3185 1683 to
3212 1624 3445 1684 herodis
3465 1657 3478 1671 ·
3526 1626 3565 1659 ¹⁶
3582 1627 3659 1684 Et
3688 1645 3768 1686 co.

3122 1718 3385 1795 gitabant
3411 1718 3489 1778 ad
3516 1719 3695 1780 alteru

3122 1822 3273 1870 trum
3301 1809 3454 1888 quod
3479 1830 3663 1889 panes

3123 1922 3245 1962 non
3275 1904 3556 1988 haberent
3585 1937 3600 1952 ·
3626 1938 3640 1953 ·

3122 1994 3166 2033 ¹⁷
3185 1998 3323 2071 Quo
3351 2000 3593 2076 cognito
3622 1999 3711 2059 ihs
3740 2001 3820 2059 ait

3123 2093 3233 2151 illis
3296 2094 3437 2170 quid
3466 2095 3660 2170 cogita

3122 2187 3199 2245 tis
3233 2187 3293 2244 in
3322 2187 3596 2248 cordibus

3122 2281 3327 2340 uestris
3384 2282 3520 2358 quia
3549 2301 3626 2359 pa

3121 2392 3228 2433 nes
3256 2393 3380 2434 non
3408 2376 3634 2435 habetis

3123 2506 3407 2567 Nondum
3434 2508 3703 2586 intellege

3123 2603 3229 2661 tis·
3274 2621 3382 2661 nec
3413 2603 3698 2680 perspicis

3121 2697 3193 2755 tis
3215 2727 3228 2742 ·
3289 2694 3501 2757 Adhuc
3532 2698 3674 2757 obtu

3120 2808 3252 2848 sum
3280 2801 3365 2849 est
3393 2808 3498 2849 cor
3525 2797 3719 2851 uestrii
3743 2823 3756 2838 ·

3118 2880 3161 2916 ¹⁸
3181 2884 3402 2944 Oculos
3431 2884 3715 2945 habentes

3116 2996 3240 3037 non
3269 2978 3475 3038 uidetis
3501 3010 3515 3026 ·
3577 2989 3634 3039 et

3117 3089 3286 3131 aures
3312 3072 3596 3132 habentes

3116 3183 3236 3224 non
3266 3166 3474 3224 auditis
3496 3197 3510 3212 ·
3576 3185 3684 3226 nec

3116 3260 3461 3319 meministis
3521 3258 3743 3337 1‘'quan

3116 3351 3195 3411 do
3223 3355 3482 3431 quinque
3509 3373 3696 3431 panes

3113 3444 3259 3522 fregi
3288 3448 3348 3505 in
3376 3448 3635 3525 quinque

3113 3539 3272 3598 milia
3299 3539 3605 3600 hominum

3112 3634 3276 3712 quod
3304 3635 3532 3695 cofinos
3561 3636 3690 3713 frag

3112 3738 3448 3787 mentorum
3478 3729 3610 3788 tulis

3111 3822 3217 3881 tis·
3280 3822 3481 3882 dicunt
3511 3824 3589 3881 illi
3618 3822 3738 3883 duo

3111 3915 3302 3975 decim
3327 3948 3341 3962 ·
3385 3914 3430 3948 ²⁰
3447 3916 3709 3988 Quando

3109 4019 3304 4068 autem
3332 4020 3602 4087 speptem

3099 4099 3340 4179 septem
3368 4122 3552 4180 panes
3582 4105 3644 4162 in

3106 4206 3376 4273 quattuor
3404 4198 3563 4258 milia
3592 4198 3671 4257 ho

3104 4291 3331 4348 minum
3354 4321 3368 4336 ·
3435 4292 3596 4368 quod
3626 4311 3768 4370 spor

3102 4395 3190 4443 tas
3220 4383 3620 4461 fragmentorti

3856 515 3982 565 Pol.
4005 516 4122 568 ΠΒ.
