4414 4917
489 520 615 568 1¹01.
633 518 753 569 138.

792 329 875 413 98

798 508 990 569 ducite
1017 505 1263 566 uitulum

795 603 958 662 illum
985 611 1216 679 pastum
1286 608 1344 659 et

796 697 1044 757 occidite
1071 705 1127 754 et
1162 712 1300 753 man

796 790 1079 850 ducemus
1107 798 1164 849 et
1194 806 1345 865 aepu

797 884 984 943 lemur
1049 885 1095 918 ²⁴
1112 884 1249 961 quia
1275 883 1369 942 hic

798 979 947 1038 filius
976 997 1143 1038 meus
1178 996 1307 1037 mor

796 1086 930 1133 tuus
959 1084 1081 1134 erat
1108 1083 1164 1132 et
1194 1091 1255 1130 re

797 1168 941 1226 uixit
965 1200 979 1214 ·
1043 1168 1291 1244 perierat

799 1273 858 1321 et
885 1263 1154 1321 inuentus
1183 1269 1270 1320 est
1294 1291 1308 1306 ·

799 1367 858 1416 et
887 1364 1200 1433 coeperunt
1229 1370 1380 1429 aepu

798 1450 904 1510 lari
923 1482 937 1497 ·
980 1451 1026 1484 ²⁵
1044 1450 1185 1507 Erat
1212 1452 1342 1506 aute

802 1546 953 1604 filius
982 1545 1106 1603 eius
1136 1543 1330 1601 senior

801 1641 862 1699 in
893 1657 1035 1716 agro
1094 1648 1151 1696 et
1180 1655 1317 1695 cum

800 1735 1022 1793 ueniret
1049 1742 1106 1791 et
1140 1731 1324 1807 adpro

803 1829 985 1906 piaret
1014 1826 1249 1886 domui·

803 1923 1023 1982 audiuit
1050 1919 1339 1998 symfonia

803 2028 862 2077 et
891 2017 1132 2077 chorum
1159 2046 1173 2061 ·
1216 2014 1258 2047 ²⁶
1276 2023 1333 2071 et
1368 2029 1446 2071 uo

802 2113 959 2171 cauit
985 2128 1169 2170 unum
1198 2108 1271 2166 de

802 2206 984 2266 seruis
1054 2215 1112 2263 et
1140 2204 1286 2261 inter

804 2300 1033 2377 rogauit
1094 2316 1242 2375 quae

802 2527 951 2587 haec
979 2534 1174 2584 essent
1194 2555 1208 2570 ·
1252 2522 1297 2556 ²⁷
1316 2523 1402 2581 his

803 2639 955 2700 quae
984 2620 1129 2680 dixit
1160 2618 1235 2676 illi
1266 2618 1400 2695 quia

805 2717 976 2776 frater
1005 2724 1138 2775 tuus
1167 2714 1327 2772 uenit

805 2821 864 2871 et
894 2809 1108 2870 occidit
1137 2818 1300 2885 pater
1327 2816 1388 2864 tu

807 2923 878 2964 us
906 2904 1150 2963 uitulum
1181 2902 1340 2960 illum

807 3009 1039 3076 pastum
1103 2997 1240 3073 quia
1268 2995 1353 3053 sal

809 3109 951 3151 uum
981 3091 1138 3148 illum
1169 3108 1298 3148 rece

810 3187 895 3265 pit
919 3217 933 3232 ·
975 3185 1020 3220 ²⁸
1038 3185 1372 3260 indignatus

810 3292 899 3342 est
929 3290 1119 3340 autem
1152 3289 1208 3338 et
1239 3278 1427 3337 noluit

808 3377 1017 3435 intrare
1042 3407 1056 3422 ·
1117 3374 1287 3433 Pater

810 3488 953 3530 uero
981 3470 1130 3529 illius
1157 3486 1327 3544 egres

812 3583 912 3624 sus
940 3565 1130 3641 coepit
1159 3579 1363 3638 rogare

811 3659 972 3718 illum
997 3691 1010 3706 ·
1054 3657 1097 3690 ⁸⁹
1117 3668 1172 3716 at
1201 3658 1291 3715 ille
1321 3672 1413 3713 res

811 3754 1085 3833 pondens
1113 3753 1255 3812 dixit
1283 3769 1359 3827 pa

814 3851 883 3908 tri
913 3867 1020 3908 suo
1042 3879 1056 3894 ·
1119 3863 1257 3905 ecce
1286 3843 1447 3920 quod

812 3943 983 4002 annis
1012 3941 1200 4000 seruio
1231 3939 1331 3997 tibi

814 4046 872 4095 et
900 4051 1222 4111 numquam
1251 4048 1390 4089 man

815 4130 1016 4188 datum
1044 4139 1206 4186 tuum
1236 4143 1376 4201 prae

814 4223 940 4282 terii
963 4253 978 4269 ·
1045 4232 1103 4280 et
1132 4230 1442 4296 numqua-

814 4316 1019 4375 dedisti
1050 4314 1189 4373 mihi
1219 4314 1430 4372 aedum

2158 328 2397 390 SECD
2421 361 2434 375 ·

1546 512 1610 563 ut
1637 523 1772 564 curn
1801 505 2004 563 amicis
2033 522 2129 564 me

1546 599 1595 658 is
1625 599 1960 675 aepularem
1985 630 1999 645 ·

1546 692 1592 726 ³⁰
1614 692 1726 751 Sed
1756 703 2070 770 postquam
2100 691 2178 751 fili

1547 805 1617 847 us
1646 786 1741 846 hic
1770 797 1902 846 tuus
1965 786 2065 862 qui

1551 881 1850 941 deuorauit
1880 883 1989 940 sub

1550 976 1817 1034 stantiam
1847 986 2006 1033 tuam

1552 1087 1687 1129 cum
1717 1070 2066 1128 meretricib⁹

1553 1164 1711 1222 uenit
1736 1173 1793 1223 et
1821 1164 2082 1223 occidisti

1551 1270 1632 1328 ini
1660 1270 1905 1329 uitulum
1935 1256 2105 1328 {iffi

1552 1364 1712 1422 illum
1742 1376 1973 1441 pastum
1993 1396 2007 1411 ·
2033 1395 2047 1410 ·

1552 1457 1595 1491 ⁸¹
1618 1468 1673 1518 et
1704 1459 1827 1534 ipse
1858 1458 2000 1517 dixit
2027 1458 2103 1516 illi
2127 1490 2141 1504 ·

1554 1553 1631 1611 fili
1663 1563 1723 1625 tu
1754 1570 1984 1623 mecum
2015 1552 2076 1610 fu

1553 1647 1644 1706 isti
1679 1665 1910 1724 semper
1939 1657 1995 1705 et
2024 1665 2088 1705 es
2107 1678 2121 1693 ·

1554 1750 1611 1799 et
1639 1741 1839 1801 omnia
1869 1751 1967 1798 tua
1996 1758 2130 1800 mea

1555 1844 1691 1894 sunt
1715 1866 1728 1880 ·
1772 1831 1814 1866 ⁸²
1833 1833 2089 1910 aepulari
2117 1852 2193 1892 au

1555 1939 1674 1988 tem
1703 1938 1759 1986 et
1787 1927 2044 2004 gaudere

1555 2032 1787 2100 oportet
1858 2021 2019 2098 quod

1557 2117 1726 2175 frater
1755 2125 1887 2174 tuus
1924 2133 2053 2173 mor

1554 2221 1689 2270 tuus
1718 2220 1837 2269 erat
1866 2218 1923 2266 et
1951 2209 2153 2267 reuixit

1557 2305 1803 2380 perierat
1832 2315 1889 2362 et
1919 2305 2096 2361 inuen

1803 2405 1897 2456 tus
1931 2406 2121 2455 estm

1505 2529 1534 2562 *
1558 2536 1651 2589 16.
1673 2529 1952 2589 ¹Dicebat
1972 2538 2166 2588 autem
2183 2539 2240 2588 et

1505 2624 1535 2657 *
1557 2624 1635 2683 ad
1665 2624 1983 2701 discipulos
2020 2643 2087 2683 su

1509 2718 1538 2751 *
1562 2737 1630 2779 os
1661 2719 1748 2776 ihs
1773 2750 1786 2764 ·
1839 2718 2029 2777 homo
2058 2719 2158 2794 qui

1505 2812 1535 2846 ¹⁸¹
1559 2812 1697 2871 dam
1725 2823 1846 2871 erat
1875 2812 2036 2871 diues

1561 2907 1660 2984 qui
1690 2907 1942 2964 habebat
1976 2907 2071 2964 uili

1561 3018 1700 3059 cum
1719 3031 1733 3045 ·
1798 3011 1855 3057 et
1884 2999 1977 3058 hic
2007 3000 2146 3058 diffa

1561 3105 1751 3152 matus
1780 3104 1903 3153 erat
1925 3094 2081 3170 apud

1560 3187 1720 3246 illum
1792 3189 1956 3264 quasi
1986 3189 2073 3246 dis

1561 3282 1806 3357 sipasset
1834 3282 1994 3339 bona
2023 3282 2145 3340 eius
2165 3312 2178 3326 ·

1559 3373 1582 3406 ²
1599 3386 1655 3433 et
1678 3376 1914 3434 uocauit
1942 3374 2100 3434 illum

1563 3469 1637 3529 ad
1667 3488 1728 3528 se
1758 3479 1814 3528 et
1837 3471 1915 3528 ait
1943 3470 2019 3529 illi

1563 3564 1701 3644 quid
1729 3565 1846 3623 hoc
1876 3564 2049 3624 audio
2079 3565 2151 3623 de

1564 3671 1621 3719 te
1641 3691 1655 3706 ·
1716 3659 1894 3717 redde
1924 3661 2071 3718 ratio

1563 3772 1701 3812 nem
1729 3753 2072 3812 uilicationis

1562 3858 1696 3906 tuae
1719 3879 1731 3892 ·
1758 3880 1770 3892 ·
1839 3848 1955 3905 iam
1985 3849 2145 3906 enim

1564 3960 1684 3999 non
1714 3942 1930 4016 poteris
1960 3942 2057 4000 uili

1564 4054 1728 4094 care·
1774 4035 1912 4093 ³Ait
1940 4041 2072 4094 aute

1562 4130 1766 4187 uilicus
1797 4130 1944 4187 intra
1970 4148 2032 4188 se
2055 4163 2066 4175 ·

1563 4222 1724 4294 Quid
1753 4222 1959 4281 faciam
2024 4224 2159 4300 quia

1564 4316 1674 4376 dns
1704 4335 1867 4375 meus
1896 4315 2077 4375 aufert

2353 524 2388 565 a
2415 525 2510 565 me
2541 507 2934 567 uilicationem

2354 600 2553 660 fodere
2583 620 2706 660 non
2733 602 2905 663 ualeo

2353 695 2688 754 mendicare
2708 714 2810 755 eru

2353 790 2533 849 besco
2557 821 2570 835 ·
2615 790 2638 823 ⁴
2655 789 2914 866 cognoui

2355 883 2493 960 quid
2523 883 2730 943 faciam
2755 915 2769 930 ·
2829 893 2893 943 ut

2355 996 2490 1036 cum
2522 988 2755 1037 amotus
2783 977 2876 1038 fue

2356 1089 2423 1130 ro
2493 1090 2527 1129 a
2556 1072 2883 1131 uilicatione

2354 1165 2633 1241 recipiant
2664 1185 2755 1225 me
2786 1168 2846 1225 in

2357 1259 2562 1319 domo³
2587 1262 2723 1319 'suas
2748 1292 2762 1307 ·
2807 1261 2829 1293 ⁶
2848 1259 2982 1321 Con

2355 1355 2580 1412 uocatis
2609 1355 2836 1431 itaquae

2358 1448 2618 1525 singulos
2649 1450 2850 1509 debito

2359 1561 2450 1602 res
2481 1542 2579 1602 diii
2603 1544 2689 1602 sui
2710 1574 2724 1589 ·
2786 1543 2914 1602 dice

2359 1638 2458 1696 bat
2487 1638 2674 1714 primo
2751 1656 2909 1714 quan

2359 1741 2483 1789 tum
2513 1731 2692 1790 debes
2721 1732 2841 1790 dno

2360 1843 2494 1883 meo
2519 1856 2532 1871 ·
2577 1826 2598 1858 ⁶
2615 1835 2674 1884 at
2700 1826 2792 1884 ille
2823 1825 2965 1884 dixit

2361 1929 2592 1979 centum
2623 1921 2791 1979 batos
2821 1920 2932 1979 olei
2956 1951 2969 1966 ·

2363 2014 2520 2072 Dixit
2549 2024 2742 2073 autem
2770 2014 2846 2073 illi
2909 2032 2978 2074 ac

2361 2109 2491 2186 cipe
2522 2108 2733 2167 litteras
2763 2118 2892 2167 tuas
2923 2141 2935 2154 ·

2360 2214 2416 2261 et
2447 2204 2582 2262 sede
2613 2204 2728 2262 cito
2758 2204 2944 2262 scribe

2362 2298 2738 2376 cinquaginta
2761 2330 2843 2339 -·

2361 2526 2383 2559 ‘¹
2403 2525 2613 2584 deinde
2644 2526 2737 2584 alii
2768 2525 2911 2583 dixit
2937 2558 2948 2570 ·

2364 2630 2426 2679 tu
2455 2630 2739 2695 quantum
2771 2619 2953 2678 debes

2366 2714 2441 2773 ait
2462 2745 2475 2759 ·
2537 2724 2770 2773 centum
2800 2714 2913 2772 cho

2366 2827 2464 2866 rus
2492 2809 2658 2867 tritici
2680 2840 2693 2854 ·
2758 2809 2836 2867 ait
2864 2819 2920 2866 et

2366 2902 2442 2961 illi
2466 2934 2480 2949 ·
2546 2903 2745 2979 accipe
2774 2903 2965 2960 literas

2367 3006 2495 3055 tuas
2524 3006 2580 3054 et
2610 2997 2798 3055 scribe
2832 3029 2843 3041 ·
2890 3005 3028 3054 uctu

2367 3091 2487 3148 inta
2508 3121 2521 3136 ·
2566 3090 2586 3122 ⁸
2608 3090 2684 3148 Et
2713 3090 2969 3148 laudauit

2366 3184 2477 3243 dfis
2505 3186 2740 3244 uilicum
2769 3185 2948 3261 iniqui

2366 3280 2496 3337 tatis
2572 3280 2728 3357 quod
2759 3280 2984 3355 pruden

2365 3383 2451 3431 ter
2469 3373 2666 3431 fecerit
2692 3405 2705 3418 ·
2767 3374 2903 3448 quia

2367 3468 2444 3525 fili
2474 3469 2640 3526 huius
2670 3466 2844 3526 seculi

2367 3563 2768 3639 prudentiores
2798 3570 2932 3620 sunt

2366 3676 2545 3735 quam
2569 3657 2644 3715 fili
2674 3657 2816 3716 lucis

2365 3753 2425 3809 in
2455 3751 2566 3810 hac
2594 3751 2852 3829 generati

2365 3865 2480 3905 one
2506 3878 2519 3892 ·
2546 3879 2599 3892 ··
2646 3847 2760 3904 ’Et
2790 3864 2906 3922 ego
2935 3862 3014 3903 uo

2364 3941 2458 3998 bis
2486 3940 2617 4000 dico
2674 3940 2842 3998 facite
2872 3957 2950 3998 uo

2365 4036 2452 4093 bis
2482 4036 2701 4094 amicos
2731 4035 2804 4093 de
2833 4052 2931 4092 ma

2366 4147 2546 4188 mona
2573 4129 2882 4205 iniquitatis

2367 4233 2426 4281 ut
2456 4243 2590 4283 cum
2621 4223 2942 4284 defeceritis

2364 4320 2639 4395 recipiant
2667 4335 2775 4376 uos

3283 340 3421 405 [XV.
3452 344 3698 407 23—xv1.
3732 344 3810 397 16.

3104 509 3165 567 in
3195 519 3428 569 aeterna
3456 513 3698 572 taberna

3105 602 3236 661 cula
3260 635 3273 648 ·
3317 602 3362 636 ¹⁰
3379 605 3478 682 qui
3510 605 3624 665 fide

3104 696 3174 756 lis
3203 707 3290 755 est
3319 698 3380 755 in
3409 699 3657 759 minimo

3107 800 3163 848 et
3192 790 3254 848 in
3284 791 3469 849 maius
3500 792 3686 853 fidelis

3108 893 3194 943 est
3219 915 3232 930 ·
3294 895 3350 943 et
3378 886 3476 961 qui
3507 887 3566 945 in
3595 906 3696 947 mo

3107 977 3242 1037 dico
3271 979 3490 1038 inicuus
3519 990 3607 1041 est

3107 1082 3164 1131 et
3192 1073 3253 1130 in
3282 1074 3471 1132 maius
3501 1075 3729 1136 inicuus

3106 1175 3193 1225 est
3217 1197 3231 1212 ·
3277 1165 3317 1198 ¹¹
3340 1166 3398 1225 Si
3430 1187 3572 1245 ergo
3600 1170 3662 1228 in

3109 1278 3385 1319 mamona
3412 1262 3613 1340 iniquo

3110 1354 3308 1413 fideles
3337 1374 3461 1414 non
3490 1356 3674 1416 fuistis
3698 1388 3711 1402 ·

3110 1448 3270 1526 quod
3301 1460 3552 1508 uestrum
3581 1461 3668 1509 est

3110 1544 3241 1620 quis
3270 1544 3467 1602 credet
3494 1545 3664 1604 uobis
3689 1576 3704 1592 ·

3110 1634 3154 1668 ¹²
3171 1648 3227 1695 et
3257 1638 3303 1695 si
3333 1639 3393 1696 in
3423 1638 3612 1698 alieno
3645 1640 3757 1699 fide

3110 1730 3194 1790 les
3223 1750 3343 1790 non
3373 1731 3556 1793 fuistis
3582 1765 3596 1780 ·

3113 1827 3273 1902 quod
3310 1837 3569 1886 uestrum

3112 1930 3197 1978 est
3227 1921 3356 1998 quis
3387 1920 3544 1979 dabit
3572 1939 3652 1981 uo

3115 2014 3203 2073 bis
3224 2045 3237 2059 ·
3282 2013 3324 2046 ¹³
3344 2033 3521 2075 nemo
3550 2033 3752 2075 seruus

3113 2108 3344 2167 duobus
3375 2108 3506 2168 dfiis
3536 2128 3616 2187 po

3111 2211 3220 2260 test
3250 2203 3458 2261 seruire
3521 2213 3619 2262 aut

3112 2297 3269 2355 enim
3298 2315 3481 2355 unum
3510 2297 3664 2356 odiet

3115 2534 3173 2583 et
3200 2520 3443 2583 alterum
3472 2523 3689 2583 amabit

3116 2629 3213 2678 aut
3239 2637 3424 2677 unum
3455 2619 3699 2696 patietur

3116 2722 3172 2771 et
3201 2713 3443 2772 alterum
3471 2722 3710 2771 contem

3117 2817 3215 2865 net
3236 2837 3250 2852 ·
3323 2806 3380 2865 N
3385 2825 3464 2865 on
3493 2807 3736 2883 potestis

3118 2900 3195 2959 <16
3225 2900 3438 2959 seruire
3469 2912 3525 2958 et
3554 2918 3653 2958 ma

3118 3012 3297 3054 mona
3317 3026 3330 3040 ·
3353 3026 3367 3041 ·
3389 3025 3403 3040 ·
3443 2994 3820 3054 1⁴Audiebant

3116 3079 3310 3148 mitem
3342 3090 3539 3147 omnia
3569 3089 3714 3149 haec

3115 3182 3339 3242 farisaei
3369 3184 3464 3261 qui
3493 3194 3657 3242 erant
3679 3225 3694 3238 .

3116 3279 3274 3336 auari
3332 3289 3388 3336 et
3417 3278 3615 3337 deride

3115 3374 3256 3430 bant
3286 3390 3422 3430 eum
3441 3404 3455 3418 ·
3503 3371 3547 3404 ¹⁶
3563 3382 3619 3430 et
3649 3373 3727 3431 ait

3117 3467 3224 3524 illis
3245 3498 3258 3512 ·
3323 3465 3452 3525 Uos
3479 3467 3618 3526 estis
3647 3466 3748 3543 qui

3116 3560 3430 3619 iustificatis
3459 3578 3568 3620 uos
3598 3579 3672 3620 co

3116 3674 3242 3713 ram
3272 3656 3608 3714 hominibus
3628 3687 3642 3701 ·

3117 3749 3186 3808 ds
3216 3759 3411 3808 autem
3440 3751 3605 3808 nouit
3632 3767 3736 3809 cor

3118 3843 3193 3902 da
3221 3855 3413 3903 uestra
3470 3845 3605 3922 quia

3082 3953 3089 3960 ·
3115 3937 3273 4016 quod
3305 3938 3638 3997 hominibus

3118 4033 3369 4092 aelatum
3397 4042 3485 4092 est
3547 4034 3704 4093 abho

3117 4128 3356 4187 minatio
3386 4138 3471 4187 est
3500 4139 3636 4187 ante

3117 4221 3216 4279 dm
3242 4254 3255 4268 ·
3300 4221 3343 4255 ¹⁶
3361 4223 3451 4281 lex
3483 4232 3538 4281 et
3567 4221 3735 4298 profe

3116 4326 3207 4375 tae
3236 4329 3371 4393 usq*
3398 4315 3473 4376 ad
3507 4316 3818 4375 iohanne*

3835 525 3961 574 1⁸01.
3987 525 4114 573 134.
