4414 4917
292 539 435 591 l'ol.
451 541 534 591 13.

572 362 651 408 VI.
671 358 859 424 4-28.]

572 540 817 603 mosyna
844 534 945 584 tua
972 525 1039 583 in

573 618 919 678 abscondito
943 644 957 658 ·
1019 617 1098 677 Et

571 724 733 791 pater
759 724 894 773 tuus
923 714 1026 791 qui

570 809 728 867 uidet
753 809 815 866 in
843 809 1069 867 abscon

574 902 692 962 dito
715 933 730 947 ·
794 902 919 980 ipse
948 901 1052 961 red

574 997 671 1056 det
696 996 801 1056 tibi
829 997 891 1054 in
918 996 1079 1054 mani

536 1130 542 1135 -
572 1091 722 1150 festo
746 1118 761 1132 ·
825 1091 937 1150 ⁸Et
965 1109 1102 1150 cum
1131 1108 1171 1149 o

571 1203 663 1244 ras
689 1203 815 1245 non
842 1186 954 1245 eris
983 1181 1130 1244 sicut

571 1278 907 1355 hypocritae
928 1304 941 1318 ·
1002 1280 1104 1355 qui

572 1383 770 1432 amant
800 1383 949 1433 stare
978 1373 1039 1431 in
1066 1391 1135 1450 sy

573 1468 821 1544 nagogis
901 1479 960 1526 et
987 1468 1047 1526 in
1075 1485 1156 1525 an

574 1562 722 1638 gulis
749 1561 1076 1638 platearum

574 1664 795 1715 stantes
822 1655 1062 1715 adorare
1087 1693 1100 1707 ·

572 1761 635 1808 ut
661 1750 969 1809 uideantur
994 1750 1071 1808 ab

574 1843 911 1905 hominibus
935 1871 948 1884 ·

574 1938 771 1998 Amen
795 1939 929 1999 dico
957 1939 1131 1998 uobis

572 2044 957 2111 perceperunt

576 2127 906 2187 mercedem
936 2145 1103 2187 suam
1127 2153 1140 2166 ·

574 2220 700 2279 ‘Tu
728 2230 925 2281 autem
946 2239 1082 2280 cum
1104 2238 1239 2280 oras
1259 2247 1272 2259 ·

574 2316 717 2374 intra
746 2316 807 2374 in
837 2315 1104 2375 cubiculi]

575 2420 736 2469 tuum
763 2437 777 2451 ·
836 2409 915 2469 Et
943 2409 1190 2470 cludens

576 2544 787 2602 ostium
817 2553 982 2602 tuum
1004 2568 1018 2582 ·
1070 2561 1110 2602 o

574 2655 636 2696 ra
662 2648 889 2715 patrem
918 2648 1083 2696 tuum

574 2732 633 2789 in
659 2733 958 2792 absconso
979 2759 993 2773 ·
1056 2741 1115 2791 et
1142 2749 1221 2810 pa

574 2836 658 2885 ter
683 2837 819 2886 tuus
847 2827 947 2903 qui
972 2825 1134 2885 uidet

575 2920 632 2978 in
661 2921 957 2980 absconso
1016 2920 1120 2980 red

573 3013 672 3074 det
698 3015 801 3074 tibi
830 3016 890 3073 in
917 3014 1165 3075 manifes

576 3117 635 3168 to
654 3141 667 3154 ·
724 3109 989 3170 'orantes
1018 3127 1094 3168 au

576 3211 692 3262 tem
719 3202 899 3263 nolite
926 3203 1111 3263 multu

576 3296 732 3375 loqui
799 3297 947 3357 sicut
974 3297 1189 3357 ethnici
1212 3323 1225 3336 ·

1797 348 1933 410 MA
1953 338 2271 411 TTHEU
2282 381 2296 396 ·

1329 522 1652 584 ”adueniat
1680 542 1785 600 reg

1326 636 1469 676 num
1500 629 1665 678 tuum
1744 619 1845 677 fiat

1325 712 1600 772 uoluntas
1627 723 1728 773 tua
1757 714 1808 772 si

1326 816 1424 865 cut
1453 808 1514 865 in
1542 808 1708 867 caelo
1737 816 1794 866 et
1822 807 1883 865 in

1325 910 1476 961 terra
1500 927 1514 941 ·
1577 902 1845 979 11panem

1324 1006 1589 1056 nostrum
1618 996 1796 1056 cotidi

1323 1109 1504 1149 anum
1534 1091 1611 1150 da
1638 1091 1809 1151 nobis

1323 1184 1501 1244 hodie
1583 1184 1694 1244 ¹'et
1722 1184 1892 1243 remit

1323 1289 1380 1338 te
1410 1280 1580 1339 nobis
1610 1279 1805 1338 debita

1325 1382 1527 1433 nostra
1609 1374 1759 1432 sicut

1325 1479 1382 1527 et
1410 1485 1523 1527 nos
1552 1467 1892 1527 dimittimus

1327 1561 1686 1621 debitoribus
1716 1579 1826 1621 nos

1328 1657 1428 1715 tris
1452 1688 1465 1701 ·
1528 1656 1638 1714 ¹‘’et
1666 1674 1740 1714 ne
1769 1655 1912 1715 indu

1328 1768 1427 1809 cas
1456 1768 1565 1810 nos
1594 1750 1653 1807 in
1684 1759 1863 1808 temta

1329 1845 1580 1905 tionem·
1643 1843 1749 1902 sed
1775 1843 1892 1903 libe

1326 1957 1390 1996 ra
1418 1955 1530 1997 nos
1563 1955 1598 1996 a
1626 1937 1784 1996 malo

1325 2038 1469 2109 qfim
1498 2043 1661 2091 tuum
1691 2043 1778 2091 est

1324 2145 1574 2204 regnum
1603 2136 1767 2185 tuum
1798 2136 1856 2185 et
1877 2126 1966 2186 uir

1325 2231 1416 2279 tus
1445 2230 1503 2279 et
1530 2221 1715 2298 gloria
1742 2221 1803 2279 in

1324 2316 1520 2376 secula
1576 2333 1749 2374 amen
1770 2348 1783 2361 ·
1849 2313 1894 2349 ¹⁴
1908 2313 1969 2373 Si

1325 2411 1481 2470 enim
1511 2410 1838 2470 dimiseritis

1324 2543 1662 2603 hominibus
1690 2562 1801 2620 pec

1326 2648 1455 2698 cata
1483 2655 1688 2697 eorum
1713 2663 1726 2677 ·
1787 2637 1846 2697 di

1324 2733 1501 2792 mitt&
1527 2732 1696 2792 uobis
1723 2743 1781 2792 et
1808 2741 1973 2808 pater

1325 2836 1515 2887 uester
1542 2828 1644 2904 qui
1672 2836 1760 2886 est
1786 2828 1847 2884 in

1326 2923 1499 2982 celis·
1562 2921 1607 2955 ¹⁵
1620 2921 1680 2980 Si
1710 2932 1905 2980 autem

1327 3035 1449 3077 non
1478 3017 1735 3075 remiseri

1326 3113 1397 3171 tis
1425 3111 1760 3170 hominibus

1327 3215 1573 3284 peccata
1600 3222 1804 3264 eorum
1831 3232 1843 3244 ·

1328 3319 1439 3360 nec
1467 3309 1631 3377 pater
1656 3308 1848 3358 uester

577 3402 779 3468 putant
806 3393 964 3452 enim
992 3392 1152 3468 quod
1245 3391 1274 3425 *
1327 3395 1578 3454 remittet
1598 3395 1768 3453 uobis

576 3485 634 3544 in
664 3486 1030 3564 multiloquio
1057 3505 1164 3547 suo
1221 3473 1301 3523 ³¹¹⁰
1326 3499 1572 3567 peccata
1593 3499 1787 3548 uestra
1812 3518 1824 3532 ·
1849 3514 1931 3540 ses

576 3586 959 3646 exaudiuntur
983 3618 996 3633 ·

1328 3608 1713 3638 mmm

575 3678 803 3740 'Nolite
821 3698 965 3757 ergo
982 3679 1233 3740 similare
1274 3675 1303 3708 *
1328 3675 1373 3711 ¹⁸
1384 3677 1536 3737 Cum
1565 3686 1760 3735 autem
1789 3677 1904 3736 ieiu

575 3793 675 3835 eos
697 3801 711 3815 ·
772 3775 882 3834 scit
909 3775 1069 3834 enim
1097 3792 1176 3851 pa

574 3881 657 3928 ter
682 3879 876 3929 uester
902 3867 1042 3946 quid
1069 3887 1149 3927 uo

575 3964 660 4021 bis
687 3981 837 4040 opus
866 3965 936 4022 sit
964 3973 1099 4021 ante

576 4075 749 4134 quam
778 4057 988 4134 petatis
1014 4075 1149 4116 eum
1170 4083 1183 4098 ·

575 4151 686 4212 ’sic
715 4170 860 4229 ergo
888 4161 1052 4211 orate
1081 4169 1191 4210 uos
1214 4187 1228 4201 ·

574 4243 739 4305 Pater
766 4256 966 4305 noster
999 4247 1110 4304 nos

572 4332 654 4397 tei·
681 4342 778 4418 qui
806 4343 869 4400 in
899 4339 1077 4400 caelis
1103 4357 1199 4399 es·

574 4440 852 4499 scificetur
882 4456 1109 4499 nomen

1006 4541 1148 4589 tuu-

1277 3771 1306 3804 *
1328 3773 1477 3830 natis
1501 3799 1514 3812 ·
1581 3770 1760 3829 nolite
1792 3772 1829 3828 fi

1276 3865 1305 3898 *
1330 3865 1411 3925 eri
1438 3866 1584 3924 sicut
1617 3864 1775 3942 hypo

1276 3959 1305 3992 *
1331 3961 1505 4019 critae
1533 3960 1720 4019 tristes
1739 3985 1752 3999 ·

1322 4053 1729 4112 Exterminant
1756 4061 1851 4113 eni

1325 4148 1499 4208 facies
1527 4166 1662 4206 suas
1691 4159 1754 4207 ut

1323 4252 1564 4319 pareant
1594 4242 1818 4300 homini

1320 4337 1431 4395 bus
1466 4337 1823 4397 ieiunantes·

1320 4430 1516 4490 Amen
1546 4430 1678 4490 dico
1706 4434 1874 4491 uobis

2132 521 2382 584 Habent
2409 542 2604 584 merce

2131 616 2271 676 dem
2299 636 2466 677 suam
2489 644 2501 658 ·
2562 619 2605 651 ¹⁷
2618 617 2718 678 Tu

2133 722 2332 771 autem
2362 732 2497 773 cum
2526 713 2639 772 ieiu

2130 826 2242 866 nas
2317 826 2518 885 ungue
2549 827 2622 867 ca

2130 913 2236 978 put
2257 912 2420 960 tuum
2448 913 2506 962 et
2532 902 2591 962 fa

2130 996 2284 1056 ciem
2304 1006 2465 1055 tuam
2493 997 2626 1056 laua
2651 1024 2664 1038 ·

2129 1087 2261 1149 ¹⁸ne
2289 1109 2496 1168 pareas
2524 1092 2688 1151 homi

2129 1184 2304 1243 nibus
2332 1185 2597 1244 ieiunans
2622 1213 2635 1226 ·

2132 1278 2252 1338 Sed
2278 1279 2426 1356 patri
2456 1289 2557 1338 tuo
2589 1280 2689 1357 qui

2129 1383 2219 1431 est
2247 1373 2305 1430 in
2335 1372 2682 1432 abscondito
2707 1410 2720 1423 ·

2128 1466 2205 1527 Et
2233 1476 2398 1544 pater
2424 1476 2556 1525 tuus
2584 1468 2682 1545 qui

2129 1560 2289 1619 uidet
2317 1561 2378 1618 in
2408 1561 2694 1620 abscondi

2130 1665 2193 1713 to
2217 1652 2422 1713 reddet
2450 1654 2552 1712 tibi
2572 1682 2584 1695 ·

2130 1748 2173 1781 ¹⁹
2185 1747 2383 1808 Nolite
2412 1747 2706 1807 thensauri

2131 1860 2264 1901 zare
2292 1842 2464 1901 uobis
2487 1875 2500 1888 ·
2573 1841 2746 1901 thens

2131 1955 2304 1996 auros
2331 1937 2392 1995 in
2421 1946 2571 1996 terra
2595 1964 2607 1977 ·

2129 2032 2231 2090 ubi
2259 2050 2441 2107 erugo
2471 2041 2530 2090 et
2556 2032 2712 2091 tinea

2131 2136 2190 2186 et
2218 2138 2546 2186 comestura
2573 2144 2646 2185 ex

2131 2221 2432 2280 terminat·
2494 2220 2571 2278 Et
2598 2220 2697 2279 ubi

2132 2315 2286 2375 sures
2307 2314 2592 2375 effodiunt

2130 2421 2190 2472 et
2217 2410 2475 2471 furantur
2492 2437 2505 2452 ·

2131 2542 2646 2605 ”Thensaurizate
2675 2563 2752 2604 au

2132 2649 2253 2699 tem
2280 2639 2452 2697 uobis
2522 2639 2693 2698 thens

2132 2750 2309 2792 auros
2337 2734 2397 2791 in
2427 2732 2628 2793 caelo·
2693 2735 2793 2793 ubi

2131 2845 2324 2904 neque
2355 2846 2537 2904 erugo
2557 2856 2570 2869 ·
2629 2847 2707 2888 ne

2133 2939 2250 2998 que
2278 2921 2433 2980 tinea
2455 2949 2468 2962 ·
2534 2941 2727 3000 neque

2133 3026 2461 3075 comestura
2489 3027 2652 3076 exter

2133 3110 2349 3169 minat·
2410 3121 2468 3170 et
2494 3112 2595 3170 ubi
2623 3111 2686 3170 fu

2133 3222 2226 3263 res
2255 3222 2378 3264 non
2407 3204 2695 3266 effodiunt

2131 3308 2188 3356 et
2218 3298 2474 3358 furantur
2494 3325 2506 3338 ·

2131 3387 2306 3451 ”Ubi
2336 3394 2496 3451 enim
2525 3393 2695 3454 fuerit

2130 3485 2473 3545 thensaurus
2500 3497 2634 3546 tuus

2132 3580 2210 3637 ibi
2237 3581 2344 3639 erit
2371 3590 2429 3639 et
2457 3599 2559 3639 cor
2587 3592 2750 3639 tuu‘·
2785 3615 2797 3627 -

2131 3674 2176 3707 ²²
2188 3672 2459 3732 Lucerna
2491 3675 2754 3750 corporis

2132 3769 2211 3827 tui
2240 3780 2326 3828 est
2354 3768 2555 3829 oculus
2583 3780 2714 3828 tuus
2735 3797 2746 3809 ·
2765 3802 2810 3814 -

2135 3861 2194 3921 Si
2225 3863 2428 3921 oculus
2455 3871 2587 3921 tuus
2616 3864 2726 3922 sim

2132 3955 2269 4032 plex
2299 3955 2465 4014 fuerit
2489 3981 2502 3994 ·
2566 3963 2690 4016 totu

2132 4069 2348 4126 corpus
2375 4060 2536 4108 tuum
2567 4050 2626 4109 lu

2129 4144 2327 4204 cidum
2355 4144 2460 4201 erit
2483 4170 2495 4182 ·
2522 4171 2535 4184 ·
2596 4141 2712 4204 ”si
2740 4162 2815 4203 au

2129 4249 2251 4296 tem
2279 4237 2482 4297 oculus
2511 4247 2642 4297 tuus

2128 4349 2385 4409 nequam
2417 4331 2584 4391 fuerit
2613 4358 2626 4372 ·

2127 4425 2350 4486 Totum
2379 4445 2588 4504 corpus
2618 4433 2719 4486 tufi

3547 369 3582 433 7

2883 526 3260 587 tenebrosum
3288 528 3427 586 erit·

2887 622 2949 681 Si
2978 640 3122 698 ergo
3149 620 3351 681 lumen
3379 621 3535 698 qu⁰d

2884 716 2947 773 in
2975 726 3030 775 te
3060 726 3148 775 est
3177 718 3415 775 tenebre

2885 817 3022 869 sunt
3040 836 3053 850 ·
3115 810 3242 886 ipse
3270 820 3404 869 tene

2883 903 2989 961 bre
3017 914 3232 981 quante
3262 914 3435 962 sunt·

2881 996 3134 1058 “Nemo
3161 1007 3354 1075 potest
3381 997 3503 1057 duo

2882 1092 2994 1150 bus
3022 1091 3274 1150 dominis
3296 1111 3388 1151 ser

2882 1186 3004 1245 uire
3028 1212 3041 1225 ·
3107 1186 3229 1245 Aut
3255 1186 3414 1246 enim

2882 1297 3067 1338 unum
3094 1280 3250 1339 odiet
3327 1291 3388 1340 et

2883 1374 3128 1433 alterum
3155 1375 3375 1433 amabit
3397 1401 3410 1415 ·

2884 1467 3005 1526 Aut
3031 1486 3216 1527 unum
3244 1469 3398 1545 patie

2882 1571 2975 1620 tur
3053 1571 3112 1620 et
3140 1561 3382 1621 alterum

2883 1665 3222 1714 contemnet
3243 1687 3256 1701 ·
3316 1674 3442 1715 non

2884 1750 3122 1826 potestis
3152 1750 3229 1809 (Ιό
3260 1768 3355 1808 ser

2881 1844 3003 1902 uire
3031 1852 3087 1901 et
3115 1861 3380 1902 mammo

2883 1956 2959 1996 ne
2979 1965 2992 1977 ·
3052 1936 3255 1996 ”Ideo
3286 1938 3419 1996 dico

2880 2032 3049 2092 uobis
3128 2049 3204 2090 ne
3232 2033 3425 2108 cogite

2883 2126 2956 2186 tis
2984 2127 3046 2184 in
3075 2125 3251 2185 corde
3280 2144 3387 2184 ues

2883 2231 2973 2280 tro
3049 2220 3191 2297 quid
3218 2220 3441 2279 mandu

2884 2314 3027 2373 cetis
3049 2345 3062 2358 ·
3127 2324 3225 2373 aut
3254 2313 3397 2391 quid

2883 2408 3095 2468 bibatis
3118 2434 3131 2448 ·
3184 2425 3378 2484 neque

2886 2541 3120 2618 corpori
3146 2551 3345 2602 uestro
3364 2566 3377 2581 ·

2886 2635 3027 2713 quid
3054 2635 3303 2695 induatis
3322 2662 3336 2676 ·
3386 2653 3513 2695 non

2887 2748 2963 2789 ne
2993 2730 3188 2788 anima
3216 2729 3395 2807 pluris

2887 2834 2977 2885 est
3004 2842 3181 2902 quam
3208 2842 3346 2885 esca
3368 2852 3382 2866 ·

2886 2930 2945 2979 et
2973 2937 3188 2996 corpus
3215 2937 3396 2997 quam

2885 3014 3229 3072 uestimenta
3251 3045 3264 3059 ·

2887 3107 3236 3184 ”Respicite
3265 3109 3485 3169 uolatili

2886 3221 2922 3261 a
2950 3203 3095 3262 caeli
3118 3229 3131 3243 ·
3192 3209 3334 3279 qum
3365 3222 3488 3264 non

2885 3307 3084 3357 serunt
3138 3315 3332 3375 neque

2884 3402 3112 3451 metunt
3134 3423 3146 3437 ·
3211 3410 3404 3467 neque

2884 3495 3245 3562 congregant
3272 3487 3332 3543 in

2885 3579 3096 3639 horreo
3117 3607 3130 3620 ·
3191 3579 3267 3637 Et
3294 3588 3462 3655 pater

2884 3684 3078 3733 uester
3098 3673 3362 3733 caelestis

2885 3768 2984 3827 alit
3011 3766 3135 3826 illas
3159 3798 3171 3813 ·
3232 3785 3432 3826 nonne

2885 3862 3074 3938 magis
3101 3879 3210 3921 uos
3238 3862 3419 3938 pluris

2884 3957 3023 4015 estis
3051 3956 3157 4014 illis
3179 3983 3191 3996 ·
3256 3957 3300 3990 ⁹⁷
3311 3955 3459 4028 Quis

2882 4063 3076 4110 autem
3109 4070 3181 4109 ex
3210 4051 3378 4110 uobis
3406 4069 3480 4110 co

2882 4144 3124 4222 gitando
3151 4155 3343 4221 potest

2883 4240 3112 4299 adicere
3129 4266 3142 4279 ·
3202 4238 3278 4298 ad
3307 4247 3460 4298 statu

2882 4352 3008 4393 ram
3038 4352 3201 4393 suam
3230 4335 3426 4393 cubiti]

2884 4448 3067 4489 unum
3085 4461 3098 4475 ·
3158 4427 3288 4488 ”Et
3316 4428 3389 4488 de
3419 4428 3561 4488 indu

3613 541 3735 591 1⁸01.
3758 544 3843 595 14.
