4414 4917
516 666 641 717 ποι.
666 667 758 717 93.
783 651 884 731 (1(ιί
912 649 959 711 fs
985 683 998 697 ·
1041 668 1221 710 naum
1245 680 1260 695 ·
1311 648 1411 727 qui
1442 648 1487 707 fs

787 303 868 387 78

1546 478 1584 538 †
1617 476 1876 529 domineca
1900 478 1948 528 in
1967 486 2118 547 caput

1608 545 1997 609 quadrageseme

1542 644 1697 722 ”qui
1730 647 1833 706 suit
1862 650 2185 711 matusalae

1543 741 1641 815 qui
1664 740 1711 798 fx
1741 759 1924 801 enoc·
1971 744 2071 820 qui
2100 744 2145 804 fs

1541 834 1684 893 iaret
1706 866 1720 881 ·
1783 837 1882 912 qui
1914 837 1957 894 ss
1989 839 2142 897 male

1541 927 1704 988 lehec
1725 961 1740 976 ·
1804 932 1904 1007 qui
1935 931 1977 989 fs
2011 934 2222 994 cainan

1540 1022 1737 1099 ”quisi
1754 1043 1924 1083 enos·
1946 1027 2049 1103 ¹qui
2068 1028 2109 1085 fs
2132 1039 2245 1087 set·

783 746 919 806 esli·
992 747 1093 823 qui
1124 745 1168 803 fs
1203 763 1432 820 naggae
1453 775 1469 789 ·

782 839 936 918 “qui
955 840 1059 897 fuit
1076 839 1299 897 maath·
1323 838 1422 915 qui
1442 838 1483 896 fs

780 935 1119 994 mattathiae
1142 965 1157 979 ·
1221 932 1322 1010 qui
1352 931 1399 989 fr

782 1030 964 1090 semei
987 1060 1002 1075 ·
1052 1028 1152 1106 qui
1176 1026 1220 1084 fs
1246 1027 1450 1103 ioseph
1472 1057 1487 1072 ·

782 1123 883 1201 qui
894 1122 934 1180 fs
944 1123 1078 1181 iuda
1089 1153 1103 1168 ·
1117 1119 1277 1199 ·²⁷qui
1288 1119 1331 1178 fs
1351 1121 1484 1179 ione
1498 1152 1511 1165 ·

781 1218 883 1296 qui
914 1217 955 1275 fs
988 1235 1151 1275 resae
1171 1247 1185 1262 ·
1246 1216 1344 1292 qui
1375 1212 1420 1273 fs
1487 1213 1516 1245 *
1535 1218 1598 1270 4.
1628 1211 1647 1244 ¹
1667 1211 1779 1270 His
1807 1224 2002 1273 autem
2038 1217 2246 1293 plenus

784 1310 1100 1372 zorobabel
1122 1342 1136 1357 ·
1197 1310 1297 1387 qui
1327 1308 1373 1367 fs
1486 1307 1515 1341 *
1539 1312 1650 1382 spu
1680 1314 1784 1366 sco
1809 1339 1822 1353 ·
1888 1327 2155 1371 reuersus

783 1405 1045 1466 salathiel
1065 1436 1079 1451 ·
1111 1405 1210 1482 qui
1241 1404 1285 1462 fs
1312 1404 1435 1461 neri
1456 1435 1470 1449 ·
1491 1402 1520 1436 *
1540 1411 1629 1460 est
1658 1402 1734 1459 ab
1766 1403 2004 1462 iordane
2028 1435 2042 1450 ·
2109 1416 2167 1465 et

780 1499 945 1578 ”qui
969 1500 1013 1559 fs
1040 1499 1283 1558 melchi·
1320 1499 1419 1575 qui
1443 1497 1487 1557 fs
1542 1497 1827 1573 agebatur
1855 1498 1915 1555 in
1946 1503 2058 1574 spu
2088 1500 2148 1557 in

782 1596 954 1656 addi·
1014 1595 1114 1671 qui
1145 1593 1186 1651 fs
1221 1610 1397 1652 cosae
1418 1623 1433 1638 ·
1541 1589 1770 1650 deserto
1796 1622 1810 1637 ·
1860 1590 2097 1651 ²diebus
2126 1612 2245 1671 qua

783 1691 883 1767 qui
913 1689 956 1748 fs
990 1688 1284 1747 elmodam
1306 1718 1320 1732 ·
1537 1683 1806 1761 draginta
1835 1695 2057 1761 tempta

784 1785 885 1863 qui
908 1783 949 1843 fs
973 1802 1037 1843 er
1056 1815 1097 1829 ··
1128 1780 1273 1859 ²⁹qui
1295 1781 1338 1839 fx
1362 1782 1487 1841 iose
1537 1779 1706 1837 batur
1734 1797 1768 1837 a
1799 1779 2034 1838 diabolo
2054 1810 2068 1825 ·

777 1880 878 1957 qui
909 1878 953 1937 fs
984 1878 1192 1937 eliezer
1220 1908 1235 1923 ·
1307 1877 1408 1953 (1(ιί
1434 1875 1481 1934 fs
1536 1871 1612 1929 Et
1642 1871 1785 1929 nihil
1816 1872 2192 1932 manducauit

781 1974 953 2032 iorim
978 2003 993 2019 ·
1059 1971 1159 2050 qui
1190 1970 1296 2029 suit
1534 1966 1744 2024 diebus
1764 1966 1874 2025 illis
1899 1997 1912 2011 ·
1976 1966 2053 2025 Et
2082 1985 2199 2026 con

778 2066 1044 2126 matthan
1067 2097 1081 2112 ·
1147 2065 1247 2142 qui
1277 2062 1322 2120 fs
1533 2061 1838 2117 summatis
1867 2059 1977 2118 illis
2007 2078 2119 2137 pos

780 2159 924 2219 leui·
954 2159 1108 2236 ³⁰qui
1131 2158 1172 2215 fs
1199 2174 1444 2233 symeon
1465 2187 1480 2201 ·
1533 2163 1626 2212 tea
1654 2154 1853 2212 esuriit
1873 2185 1886 2199 ·
1947 2155 1968 2186 ³
1986 2155 2064 2214 Et
2095 2155 2239 2213 dixit

778 2255 879 2331 qui
909 2253 952 2312 fs
985 2252 1153 2310 iudae
1174 2282 1189 2296 ·
1246 2250 1347 2325 qui
1376 2248 1422 2307 ss
1530 2246 1609 2305 illi
1640 2247 1908 2307 diabolus
1938 2250 1987 2307 si
2018 2248 2168 2307 filius

777 2348 982 2425 ioseph
1003 2378 1017 2393 ·
1078 2345 1178 2422 qui
1202 2344 1246 2401 ss
1272 2345 1444 2403 ionae
1463 2374 1477 2389 ·
1531 2342 1591 2400 di
1619 2360 1684 2401 es
1767 2342 1860 2401 dic
1890 2342 2084 2418 lapide
2114 2343 2193 2400 hu

773 2442 875 2521 qui
905 2441 949 2500 fs
980 2439 1208 2500 eliacim
1232 2470 1247 2486 ·
1531 2436 1583 2495 ic
1615 2447 1676 2496 ut
1705 2436 1804 2495 fiat
1831 2437 2001 2515 panis

773 2573 815 2607 ⁸¹
835 2574 936 2651 qui
955 2574 997 2633 fx
1024 2571 1245 2632 meleae
1266 2601 1280 2616 ·
1311 2571 1411 2648 qui
1431 2571 1475 2630 fs
1529 2567 1636 2626 ⁴Et
1654 2568 1958 2645 respondit
1976 2569 2051 2628 ad
2075 2569 2238 2628 illum

772 2687 1018 2729 menan·
1042 2668 1141 2744 qui
1160 2665 1201 2724 ss
1224 2666 1509 2723 mattatha
1531 2663 1621 2722 ihs
1651 2672 1708 2720 et
1737 2662 1880 2722 dixit
1900 2694 1914 2709 ·
1977 2664 2195 2740 scriptu

775 2764 876 2841 qui
896 2762 935 2821 fs
964 2765 1188 2820 mattan
1212 2791 1226 2806 ·
1285 2760 1386 2836 qui
1407 2760 1450 2816 fs
1532 2768 1620 2816 est
1705 2758 1843 2833 quia
1861 2759 2060 2815 nonin
2083 2776 2237 2834 pane

774 2858 949 2919 dauid
975 2889 990 2904 ·
1046 2853 1092 2887 ⁸²
1108 2855 1206 2932 qui
1232 2852 1276 2912 fs
1313 2855 1460 2911 iesse
1533 2851 1661 2909 solo
1689 2852 1849 2909 uiuet
1879 2851 2060 2910 homo
2120 2851 2238 2910 Sed

772 2950 1145 3030 quifsobeth·
1166 2949 1266 3026 qui
1286 2947 1326 3005 fs
1340 2948 1514 3018 booz,
1534 2945 1594 3001 in
1623 2946 1787 3002 omni
1817 2945 2001 3003 uerbo
2030 2945 2119 3002 di-

772 3047 875 3124 qui
894 3045 938 3103 fs
967 3044 1227 3104 salmon·
1271 3042 1370 3118 qui
1399 3041 1444 3099 fx
1529 3037 1978 3097 ’Etduxitillum
2002 3039 2234 3099 inhieru

772 3158 1022 3200 nasson·
1053 3138 1196 3215 ³⁸qui
1216 3136 1258 3194 fs
1282 3136 1479 3194 amina
1530 3133 1713 3192 salem
1743 3143 1801 3191 et
1824 3134 2021 3192 statuit
2050 3146 2174 3192 eu'·

775 3234 894 3295 dab
913 3266 928 3281 ·
986 3232 1085 3309 qui
1115 3231 1159 3290 ss
1193 3247 1352 3289 aram
1377 3260 1391 3275 ·
1528 3245 1707 3303 super
1736 3228 1981 3303 pinnam
2013 3233 2067 3286 (ὃ

1525 3320 1606 3396 pli
1636 3331 1693 3379 et
1722 3321 1864 3379 dixit
1896 3321 1974 3378 illi
1995 3353 2008 3367 ·
2058 3323 2107 3380 si
2137 3322 2216 3380 fili

1526 3433 1596 3474 us
1626 3433 1689 3473 es
1709 3415 1769 3474 di
1823 3416 1988 3473 mitte
2016 3427 2072 3475 te
2096 3417 2233 3477 hinc

1527 3509 1842 3567 deorsum·
1907 3507 1950 3540 ¹⁰
1969 3511 2122 3586 scrip

775 3331 874 3407 qui
903 3328 947 3387 fs
981 3344 1175 3386 esrom
1194 3356 1208 3371 ·
1270 3324 1370 3401 qui
1399 3323 1446 3382 fr

774 3425 959 3483 sares·
1024 3421 1125 3498 qui
1154 3419 1198 3477 fs
1233 3418 1405 3477 iudae

772 3518 929 3596 ⁸⁴qui
949 3516 993 3575 fs
1020 3515 1190 3574 iacob
1211 3544 1225 3559 ·
1269 3513 1370 3588 qui
1399 3511 1443 3569 fs

774 3613 958 3672 isaac·
980 3608 1117 3687 quis
1115 3629 1155 3666 s·
1175 3606 1472 3665 abraham·
1526 3612 1652 3661 tum
1682 3613 1772 3661 est
1798 3604 1957 3662 enim
1987 3604 2151 3680 quod

771 3706 874 3784 qui
902 3704 947 3763 ss
981 3703 1141 3763 thare
1166 3733 1178 3746 ·
1202 3731 1217 3746 ·
1276 3700 1377 3777 qui
1409 3698 1450 3757 fx
1528 3698 1751 3774 angelis
1781 3698 1901 3757 suis
1931 3699 2149 3757 manda

772 3800 1021 3859 nachor·
1044 3796 1189 3874 ⁸³qui
1207 3794 1501 3853 fsseruch·
1523 3793 1608 3850 uit
1636 3792 1708 3850 de
1738 3800 1792 3850 te
1822 3802 1886 3849 ut
1915 3792 2142 3850 custodi

776 3895 877 3973 qui
907 3893 951 3952 fs
984 3910 1164 3968 ragau
1184 3921 1197 3936 ·
1242 3889 1344 3965 qui
1374 3887 1414 3946 fs
1532 3897 1631 3943 ant
1650 3896 1731 3943 te·
1772 3885 1881 3945 ¹¹et
1898 3886 2035 3962 quia
2053 3887 2114 3943 in
2133 3904 2232 3945 ma

770 3989 981 4068 phalec
1002 4018 1016 4033 ·
1062 3986 1163 4063 qui
1191 3983 1233 4042 fs
1268 3984 1407 4041 eber
1430 4014 1445 4029 ·
1530 3980 1701 4036 nibus
1730 3978 1932 4037 tollent
1963 3990 2018 4037 te

771 4086 872 4163 qui
900 4083 945 4143 ss
979 4081 1169 4141 salae·
1232 4077 1276 4109 ³⁶
1294 4077 1392 4153 qui
1417 4076 1460 4134 fs
1531 4091 1604 4131 ne
1635 4072 1781 4133 forte
1811 4073 2080 4134 offendas

770 4181 1010 4238 cainan·
1042 4176 1140 4253 qui
1159 4172 1203 4232 fs
1226 4171 1476 4230 arfaxat·
1527 4185 1562 4225 a
1583 4165 1835 4242 lapidem
1866 4167 2011 4242 pede
2044 4179 2211 4226 tuu‘·

772 4273 873 4349 qui
901 4269 1007 4329 fuit
1034 4286 1159 4328 sem
1181 4297 1195 4312 ·
1240 4266 1340 4342 qui
1370 4263 1413 4323 fs
1525 4257 1651 4317 ¹²Et
1677 4260 2039 4335 respondens
2070 4260 2213 4319 dixit

773 4384 889 4425 noe
911 4396 924 4410 ·
970 4362 1068 4438 qui
1099 4361 1142 4418 ss
1177 4359 1398 4417 lamec·
1524 4353 1600 4411 illi
1631 4353 1755 4412 ihs·
1801 4354 2017 4430 scripti]
2049 4367 2134 4414 est

1542 1117 1912 1192 quisxadam·
1943 1121 2042 1196 qui
2063 1121 2103 1179 fs
2120 1123 2287 1181 dia»

2125 312 2367 376 SECD
2385 342 2402 363 .

2357 667 2477 708 non
2508 650 2818 727 temptabis
2847 650 2990 710 dr‘nn

3373 327 3492 393 [111.
3519 332 3711 396 25-1V.
3740 343 3822 396 23.

3113 650 3224 713 Die
3253 652 3479 713 sabbati
3509 655 3568 713 in
3598 673 3747 732 syna
3840 664 3964 712 rol.
3986 662 4081 712 0⁴.

2356 744 2456 801 dm
2482 755 2643 802 tuum
2663 776 2677 791 ·
2700 778 2715 792 ·
2737 778 2750 791 ·
2769 746 2878 804 *Et
2896 746 3060 806 duxit
3111 766 3333 826 gogam
3358 781 3372 795 ·
3433 760 3491 808 et
3519 768 3721 809 surrex

2353 837 2511 896 illum
2543 839 2812 898 diabolus
2841 842 2902 898 in

2352 943 2617 990 montem
2647 934 2931 993 excelsu*
2952 965 2968 982 ·

2352 1036 2408 1084 et
2436 1028 2693 1085 ostendit
2721 1028 2798 1086 illi
2827 1046 2930 1088 om

2352 1120 2447 1177 nia
2475 1139 2656 1195 regna
2683 1122 2840 1180 orbis
2869 1132 2955 1180 ter

2351 1231 2446 1271 rae
2475 1214 2534 1270 in
2565 1226 2868 1273 momento
2904 1220 2960 1275 (ἔ

2352 1308 2511 1382 poris
2534 1338 2548 1353 ·
2591 1309 2611 1339 ⁶
2631 1307 2706 1365 Et
2731 1309 2809 1368 ait
2837 1309 2912 1367 ad
2943 1309 2979 1367 il

2351 1399 2466 1458 lum
2500 1401 2764 1461 diabolus
2789 1434 2803 1448 ·
2867 1403 2970 1461 tibi

2349 1494 2503 1553 dabo
2537 1506 2889 1572 potestatem

2347 1588 2499 1647 hanc
2529 1591 2860 1649 uniuersam
2884 1622 2898 1637 ·

2348 1693 2406 1740 et
2433 1683 2681 1757 gloriam
2711 1684 2879 1743 illorii
2903 1716 2917 1731 ·

2346 1778 2482 1854 quia
2511 1778 2653 1835 mihi
2682 1778 2890 1837 tradita

2347 1880 2480 1929 sunt
2504 1902 2517 1916 ·
2578 1872 2655 1930 Et
2684 1873 2777 1931 cui
2808 1872 2945 1932 uolo

2345 1964 2422 2022 do
2454 1964 2548 2022 illa
2568 1996 2581 2010 ·
2647 1966 2748 2023 ''tu
2778 1982 2920 2041 ergo
2951 1964 3000 2024 si

2343 2058 2654 2135 procidens
2679 2091 2693 2106 ·
2755 2060 2938 2118 adora

2342 2153 2494 2211 ueris
2522 2162 2656 2213 ante
2685 2174 2781 2214 me
2804 2186 2818 2201 ·

2341 2258 2509 2305 erunt
2538 2257 2635 2306 tua
2663 2250 2865 2310 omnia
2886 2283 2900 2298 ·

2340 2339 2361 2372 ⁸
2381 2339 2455 2398 Et
2484 2343 2847 2418 respondens
2882 2345 3025 2405 dixit

2345 2434 2422 2493 illi
2453 2435 2540 2495 ihs
2561 2468 2574 2482 ·
2634 2436 2804 2498 Uade
2833 2450 2987 2501 retro

2342 2586 2438 2627 me
2470 2579 2700 2629 satanas
2723 2602 2737 2617 ·
2798 2574 3018 2650 scriptii

2341 2673 2432 2721 est
2460 2664 2618 2721 enim
2692 2665 2833 2723 dr‘im
2857 2667 2957 2724 dm
2985 2674 3045 2727 tn

2343 2756 2613 2817 adorabis
2670 2769 2728 2817 et
2748 2760 2825 2817 illi
2854 2761 2964 2820 soli

2343 2851 2559 2908 seruies
2582 2882 2596 2897 ·
2662 2851 2704 2884 ¹³
2724 2852 2799 2911 Et
2829 2861 3016 2914 consii

2341 2954 2497 3001 mata
2526 2946 2690 3003 omni
2720 2957 2941 3023 tempta

2340 3038 2499 3096 tione
2524 3069 2538 3084 ·
2604 3039 2870 3099 diabolus
2898 3060 2960 3100 re

2339 3133 2512 3191 cessit
2542 3134 2616 3191 ab
2647 3133 2744 3192 illo
2775 3153 2959 3212 usque

2337 3226 2413 3284 ad
2441 3238 2673 3303 tempus
2695 3252 2778 3278 m
2797 3255 2880 3279 m

2301 3320 2377 3357 *¹⁴
2394 3319 2471 3379 Et
2500 3340 2766 3382 reuersus
2795 3334 2884 3382 est
2910 3324 3001 3385 ihs

2301 3415 2396 3472 *in
2426 3416 2635 3474 uirtute
2666 3421 2766 3492 sps
2795 3418 2856 3476 in

2302 3509 2607 3585 *galileam
2632 3542 2645 3556 ·
2697 3523 2754 3570 et
2783 3511 2943 3572 fama

2338 3605 2512 3663 exiit·
2557 3624 2662 3681 per
2689 3607 3012 3667 uniuersa·-

2337 3699 2639 3773 regionem
2671 3700 2743 3758 de
2776 3701 2871 3760 illo
2891 3732 2905 3747 ·

2335 3790 2463 3849 ιδΕ(
2483 3794 2605 3868 ipse
2626 3794 2876 3853 docebat
2893 3795 2952 3852 in
2972 3813 3037 3872 sy

2335 3888 2506 3962 nagis
2528 3905 2733 3946 eorum
2754 3919 2768 3934 ·
2802 3888 2878 3947 Et
2898 3907 3037 3964 mag

2335 3982 2759 4040 nificabaturab
2769 3984 3065 4042 omnibus·

2333 4073 2469 4133 ¹⁶Et
2498 4078 2657 4135 uenit
2686 4076 2958 4136 nazareth
2980 4109 2994 4124 ·

2332 4170 2431 4228 ubi
2462 4181 2584 4229 erat
2654 4172 2898 4229 nutritus
2922 4202 2936 4218 ·

2331 4274 2388 4322 et
2418 4265 2649 4322 intrauit
2677 4266 2936 4324 secundii

2331 4359 2817 4417 consuetudinem
2841 4371 2995 4419 sua-

3110 843 3183 901 sit
3214 844 3407 919 legere
3430 875 3444 889 ·
3505 843 3549 876 ¹⁷
3565 853 3622 903 et
3645 845 3814 905 datus

3109 946 3196 994 est
3223 937 3304 995 illi
3331 937 3475 996 liber
3500 937 3668 1014 profe

3106 1030 3220 1089 tiae
3249 1032 3441 1089 esaiae
3524 1042 3582 1090 et
3610 1041 3674 1092 ut

3104 1123 3353 1183 reuoluit
3381 1124 3588 1183 librum
3614 1157 3627 1171 ·

3108 1216 3342 1277 Inuenit
3370 1218 3567 1277 locum
3596 1218 3698 1278 ubi

3104 1312 3384 1388 scriptum
3412 1322 3536 1371 erat
3590 1312 3750 1389 ¹⁸sps

3104 1448 3120 1476 ,
3140 1403 3240 1462 dni
3270 1423 3445 1481 super
3473 1424 3568 1465 me
3587 1437 3602 1451 ·
3645 1418 3785 1484 prop

3101 1542 3117 1570 ‚
3138 1506 3292 1557 terea
3319 1499 3485 1557 unxit
3511 1518 3607 1558 me
3634 1518 3668 1559 e

3104 1636 3119 1664 ,
3137 1594 3502 1670 uangelizare
3532 1596 3756 1671 pauperi

3101 1688 3248 1758 ,bus
3269 1719 3282 1733 ·
3326 1689 3481 1746 misit
3510 1707 3605 1747 me
3647 1688 3804 1767 ¹⁹pre

3111 1781 3331 1853 ,dicare
3360 1782 3603 1858 captiuis
3632 1801 3694 1841 re

3102 1919 3117 1946 ,
3135 1875 3477 1934 missionem
3499 1908 3513 1923 ·
3558 1887 3615 1936 et
3644 1896 3749 1938 eae

3099 2013 3114 2039 ‚
3135 1970 3219 2029 cis
3247 1970 3439 2029 uisum
3459 2002 3474 2017 ·
3534 1972 3704 2031 remit

3100 2107 3116 2135 ,
3137 2073 3257 2121 tere
3286 2063 3623 2124 confractos

3099 2201 3114 2229 ,
3133 2157 3192 2215 in
3221 2159 3622 2218 remissionem
3641 2190 3655 2205 ·

3097 2294 3112 2323 ,
3129 2252 3464 2327 praedicare
3488 2270 3712 2312 annum

3094 2390 3108 2416 ,
3130 2345 3228 2403 diii
3258 2357 3564 2423 acceptum
3591 2359 3647 2406 et

3092 2485 3107 2512 ,
3128 2438 3280 2499 diem
3307 2440 3631 2501 redditionis
3654 2472 3669 2489 ·

3093 2567 3823 2648 ”Etcumplicuissetlibril

3095 2665 3339 2723 reddidit
3368 2666 3630 2726 ministro

3095 2768 3152 2817 et
3182 2759 3330 2818 sedit
3348 2790 3362 2805 ·
3423 2771 3481 2819 et
3508 2762 3712 2820 omniu

3093 2853 3250 2911 oculi
3279 2853 3339 2911 in
3370 2872 3672 2932 synagoga

3092 2957 3257 3005 erant
3285 2947 3657 3007 intendentes

3091 3041 3153 3097 in
3181 3058 3317 3098 eum
3338 3072 3352 3087 ·
3421 3039 3462 3073 ²¹
3483 3041 3691 3120 Coepit
3719 3060 3796 3102 au

3090 3143 3207 3192 tem
3237 3134 3427 3193 dicere
3458 3135 3533 3193 ad
3561 3136 3690 3195 illos
3708 3167 3723 3182 ·

3092 3229 3223 3305 quia
3258 3229 3430 3287 hodie
3457 3230 3695 3307 impleta

3090 3333 3178 3381 est
3210 3322 3356 3381 haec
3387 3326 3671 3401 scriptura

3091 3416 3151 3473 in
3181 3418 3413 3476 auribus
3443 3419 3648 3478 uestris
3668 3450 3683 3465 ·

3087 3506 3215 3568 ”Et
3231 3530 3439 3576 omnes
3458 3513 3797 3576 testimoniii

3088 3605 3408 3665 reddebant
3435 3607 3512 3665 illi
3536 3638 3550 3653 ·
3614 3608 3694 3668 Et

3087 3701 3446 3759 mirabantur
3474 3702 3534 3759 in
3562 3720 3667 3761 uer

3086 3794 3177 3852 bis
3204 3797 3425 3869 gratiae
3453 3814 3569 3873 que
3599 3815 3708 3873 pro

3088 3888 3374 3946 cedebant
3397 3888 3469 3948 de
3498 3908 3598 3950 ore
3628 3892 3690 3969 ip

3088 3981 3207 4040 sius
3251 3981 3328 4039 Et
3356 3983 3628 4044 dicebant

3089 4093 3288 4135 nonne
3317 4077 3410 4137 hic
3440 4088 3528 4138 est
3555 4079 3707 4139 filius

3090 4170 3297 4247 ioseph
3321 4202 3334 4218 ·
3386 4170 3522 4231 ²³Et
3541 4175 3619 4232 ait
3642 4175 3789 4234 illis·

3087 4265 3323 4341 utiquae
3355 4267 3557 4326 dicetis
3585 4269 3728 4327 mihi

3086 4359 3235 4418 hanc
3268 4361 3638 4420 similitudine
