4414 4917
852 420 1120 485 xxxviii
1855 425 2087 487 INTR
2099 427 2593 491 ODUCTION.

856 592 911 653 S
907 594 1103 652 elected
1124 595 1393 672 readings
1411 596 1535 653 and
1543 597 1874 673 renderings
1902 600 1963 657 in
1982 600 2170 661 which
2270 598 2512 659 Selected
2531 601 2801 678 readings
2819 600 2943 660 and
2952 601 3283 680 renderz‘ngs
3304 604 3365 662 in
3385 602 3572 664 which

1097 692 1127 751 f
1148 710 1188 769 q
1218 695 1388 772 differ
1390 695 1566 772 from
1594 697 1725 754 each
1755 697 1924 755 other.
2513 698 2544 758 f
2596 718 2639 777 q
2690 718 2793 758 are
2853 702 3062 776 agreed
3123 704 3359 778 against
3420 704 3573 763 other

847 789 1005 867 John
1033 790 1107 849 iii.
2513 793 2818 870 European
2845 801 3014 855 texts.

936 909 987 961 4.
1031 890 1231 950 denuo
1260 890 1501 952 introire
1529 893 1562 952 b
1590 913 1617 951 e
1643 913 1694 969 q.

898 968 908 978 ⁶
1174 990 1384 1048 iterum
1411 991 1648 1051 introire
1691 1013 1727 1050 a
1725 993 1793 1070 s
1798 990 1958 1071 (Am.
1994 994 2161 1053 itera-

1337 1096 1400 1147 to
1432 1087 1712 1168 introire).

936 1201 993 1258 5.
1036 1193 1273 1245 renatus
1300 1205 1338 1244 a
1365 1186 1399 1246 b
1425 1206 1456 1245 ο
1482 1206 1518 1265 q
1547 1187 1681 1247 Am.

1193 1286 1442 1364 natusf

1111 1382 1320 1460 poterit
1348 1403 1399 1460 q.

1172 1491 1368 1557 potest
1396 1502 1434 1542 a
1462 1484 1495 1542 b
1522 1503 1550 1543 e
1576 1504 1612 1559 q
1640 1482 1772 1542 Am.

2346 1618 2398 1672 6.
2442 1635 2578 1677 caro
2614 1628 2700 1677 est
2733 1620 3014 1696 quoniam
3046 1621 3120 1681 de
3160 1641 3335 1683 carne
3367 1633 3568 1683 natum

2665 1725 2753 1775 est
2778 1737 2815 1775 a
2844 1718 2876 1776 b
2903 1738 2932 1775 e
2950 1738 3001 1794 q.

2671 1835 2814 1876 caro
2843 1826 2930 1876 est
2953 1814 3079 1898 (om.
3109 1838 3166 1897 q.
3195 1820 3268 1879 de
3298 1837 3350 1880 c.
3381 1838 3436 1880 n.
3459 1819 3570 1899 est)

2718 1915 2790 1991 s
2801 1915 2934 1975 Am.

2511 2012 2744 2088 spiritus
2774 2025 2863 2074 est
2886 2016 3024 2093 quia
3052 2017 3198 2077 deus
3227 2018 3457 2095 spiritus
3485 2029 3570 2078 est

2750 2131 2789 2170 a
2821 2133 2862 2171 e.

2588 2210 2819 2286 spiritus
2846 2222 2936 2272 est
2964 2208 3091 2294 (om.
3123 2233 3177 2292 q.
3209 2215 3263 2273 d.
3294 2233 3378 2293 sp.
3408 2214 3571 2295 est)b

2722 2309 2837 2385 sq
2867 2310 3001 2373 Am.

933 2385 983 2445 7.
1033 2372 1263 2432 renasci
1297 2394 1334 2431 a
1363 2374 1396 2431 b
1423 2392 1451 2430 e
1475 2393 1524 2449 q.

1172 2473 1409 2550 nascif
1423 2473 1555 2530 Am.

931 2572 984 2627 8.
1029 2571 1220 2630 nescis
1247 2590 1284 2628 a
1311 2572 1343 2630 b
1371 2590 1423 2647 q.

1172 2688 1297 2730 non
1315 2671 1431 2730 scis
1458 2671 1557 2747 ‘f
1570 2670 1684 2727 Am
2346 2607 2397 2661 8.
2442 2613 2612 2664 natus
2641 2615 2727 2665 est
2755 2624 2829 2666 ex
2874 2607 3077 2684 spiritu
3081 2609 3150 2685 f
3161 2630 3196 2686 q
3223 2608 3357 2669 Am,

2585 2722 2639 2761 n.
2683 2713 2771 2763 est
2826 2724 2900 2764 ex
2957 2725 3111 2785 aqua
3166 2719 3224 2768 et
3280 2710 3480 2787 spiritu
3528 2730 3566 2768 a

2663 2800 3031 2884 (renascitur)
3058 2807 3091 2865 b
3120 2828 3163 2867 e.

894 2879 981 2919 10.
1026 2861 1234 2923 doctor
1260 2883 1298 2921 α
1324 2883 1376 2939 q.

1173 2963 1449 3038 magister
1477 2962 1510 3021 b
1536 2983 1564 3019 e
1566 2964 1635 3040 f
1648 2963 1699 3021 Α
1710 2982 1780 3021 m.

897 3077 919 3116 1
939 3078 985 3117 1.
1030 3076 1305 3119 nommus
1332 3080 1383 3136 q.

2306 3103 2328 3142 1
2347 3103 2394 3143 1.
2436 3086 2812 3148 testificamur
2813 3092 2884 3166 f
2895 3111 2946 3167 q.

1168 3158 1389 3219 scimus
1417 3179 1455 3218 a
1483 3160 1516 3217 b
1549 3160 1792 3233 esAm.

2591 3196 2868 3249 testamur
2894 3211 2932 3249 α
2960 3193 2992 3251 b
3018 3193 3152 3251 Am.

2583 3290 2979 3348 testimonium
3008 3290 3255 3351 dicimus
3282 3314 3320 3351 e.

900 3389 988 3449 15.
1033 3393 1157 3434 non
1187 3386 1387 3453 pereat
1415 3378 1448 3435 b
1476 3397 1503 3435 e
1528 3397 1563 3453 q
1591 3377 1725 3435 Am.

1171 3494 1275 3533 om.
1311 3494 1437 3535 non
1466 3488 1662 3552 pereat
1689 3477 1800 3550 as.

2305 3589 2393 3644 16.
2435 3587 2796 3665 unigenitum
2799 3591 2868 3667 f
2879 3611 2915 3666 q
2942 3591 3077 3649 Am.

2584 3687 2822 3746 unicum
2852 3708 2889 3746 a
2917 3690 2950 3748 b
2976 3691 3020 3747 d
3038 3711 3082 3749 e.

895 3776 918 3816 1
935 3762 987 3817 8.
1032 3776 1156 3826 non
1186 3759 1529 3819 iudicabitur
1556 3760 1588 3818 b
1617 3758 1660 3816 d
1679 3779 1729 3837 q.

1170 3874 1293 3916 non
1329 3857 1609 3917 iudicatur
1635 3876 1673 3915 a
1701 3876 1728 3914 e
1727 3857 1798 3935 s
1809 3856 1943 3917 Am.

2305 3980 2393 4036 19.
2438 3961 2497 4019 in
2525 3960 2682 4022 hunc
2703 3961 2992 4021 mundum
2995 3964 3064 4037 s
3074 3985 3126 4040 q.

2580 4060 2639 4118 in
2669 4060 2955 4119 mundum
2983 4063 3027 4119 d
3045 4063 3180 4121 Am.

2578 4158 2640 4216 in
2669 4157 2782 4218 hoc
2809 4159 3032 4220 mundo
3059 4181 3096 4219 α
3125 4163 3171 4220 b.

2576 4256 2638 4314 in
2667 4257 2964 4317 saeculum
2991 4278 3034 4317 e.
