4414 4917
267 629 406 678 1¹01.
433 630 568 681 206.

609 354 646 401 1.
665 356 841 417 37-11.
879 351 987 417 14.]

608 631 652 665 ⁸⁷
671 629 749 691 Et
777 631 1080 690 audierunt
1106 636 1182 689 eii

609 726 727 785 duo
756 725 1023 803 discipuli
1060 727 1147 783 sui

609 819 947 896 loquentem
967 852 981 866 ·
1046 831 1105 880 et
1133 838 1195 880 se

607 913 723 972 cuti
752 925 888 973 sunt
914 914 1035 972 ihm
1055 944 1069 960 ·

607 1006 652 1040 ⁸⁸
666 1007 743 1066 Et
763 1025 1084 1067 conuersus
1110 1008 1199 1067 ihs

606 1101 745 1159 uidit
773 1118 876 1161 eos
906 1119 1127 1179 sequen

606 1205 693 1254 tes
722 1214 788 1256 se
857 1205 915 1255 et
944 1195 1087 1255 dixit
1116 1195 1225 1253 illis
1248 1225 1262 1241 ·

605 1289 742 1368 quid
770 1290 1041 1367 quaeritis
1064 1320 1079 1336 ·

608 1385 685 1442 At
711 1384 792 1443 illi
820 1384 1088 1443 dixerunt
1114 1384 1169 1442 ei

603 1478 767 1536 rabbi
796 1477 957 1556 quod
983 1477 1130 1536 inter

606 1581 859 1649 pretatur
885 1572 1075 1648 magis

605 1674 692 1725 ter
768 1667 868 1724 ubi
897 1683 1103 1724 manes
1125 1696 1139 1710 ·

603 1758 823 1819 ”Dixit
850 1760 959 1820 illis
985 1760 1181 1818 uenite

604 1864 662 1913 et
688 1855 882 1914 uidete
902 1886 915 1901 ·
978 1872 1132 1913 uene

602 1958 734 2007 runt
761 1958 820 2007 et
844 1948 1114 2007 uiderunt

603 2042 702 2101 ubi
728 2043 1005 2102 manebat
1023 2073 1037 2088 ·
1099 2041 1177 2100 Et

602 2135 758 2212 apud
783 2135 944 2194 illum
978 2153 1120 2194 man

604 2240 798 2288 serunt
825 2229 922 2288 illa
950 2229 1042 2288 die
1066 2261 1080 2275 ·

604 2322 774 2383 Hora
806 2333 927 2383 erat
958 2324 1075 2383 fere
1104 2323 1179 2383 de

600 2417 753 2478 eima
769 2448 785 2465 ·
848 2418 893 2450 ⁴⁰
908 2417 1048 2478 Erat
1075 2436 1155 2478 an

604 2550 771 2609 dreas
800 2549 971 2609 frater
999 2550 1152 2609 simo

602 2644 692 2703 nis
720 2645 872 2721 petri
939 2662 1092 2702 unus
1122 2643 1197 2703 de

601 2737 824 2798 duobus
844 2769 859 2784 ·
902 2739 1003 2814 qui
1032 2738 1203 2797 audie

602 2842 730 2890 rant
758 2834 836 2891 ab
861 2832 1117 2891 iohanne

604 2935 659 2984 et
686 2927 868 2986 secuti
897 2926 1126 2985 fuerant
1153 2935 1293 2985 eu*-

601 3018 643 3053 ⁴¹
660 3019 891 3079 Inuenit
912 3019 1006 3078 hic
1034 3021 1273 3097 primu-

604 3112 833 3173 fratrem
861 3131 1028 3173 suum
1060 3114 1107 3172 si

605 3225 842 3268 monem
873 3218 932 3266 et
959 3207 1101 3266 dixit
1128 3207 1216 3266 ei·

602 3300 936 3361 Inuenimus
963 3302 1228 3360 messia·-

604 3396 758 3472 quod
788 3397 1133 3471 interpraeta

607 3499 693 3547 tur
719 3495 832 3566 xps
854 3521 868 3535 ·
928 3491 973 3522 ⁴²
991 3499 1048 3548 et
1065 3487 1305 3546 adduxit

605 3583 759 3642 illum
789 3583 865 3642 ad
894 3583 1015 3641 ihm
1038 3613 1052 3628 ·
1116 3582 1192 3641 Et
1219 3602 1281 3642 re

611 3678 859 3753 spiciens
887 3695 1021 3735 eum
1050 3676 1141 3737 ihs

610 3771 747 3830 dixit
776 3782 837 3830 tu
866 3790 930 3831 es
959 3772 1153 3830 simon

608 3864 749 3924 filius
776 3867 949 3924 ionae
977 3875 1037 3922 tu
1065 3882 1217 3923 uoca

607 3958 753 4018 beris
780 3959 999 4036 cephas
1028 3958 1178 4035 quod

610 4050 1006 4130 interpretatur
1032 4070 1107 4128 pe

609 4153 720 4204 trus
738 4177 752 4192 ·
810 4146 855 4178 ⁴³
874 4144 1153 4221 Sequenti

605 4249 790 4297 autem
819 4239 915 4297 die
942 4238 1122 4297 uoluit

606 4333 887 4407 proficisci
920 4332 981 4391 in
1007 4331 1278 4410 galilea*-

1886 344 2111 407 ιοΗΑ
2120 331 2356 408 Nm}-

1359 629 1437 691 Et
1466 631 1677 691 inuenit
1705 631 1970 709 filippum

1361 736 1419 785 et
1447 726 1590 785 dixit
1617 726 1696 785 illi
1725 727 1814 785 ihs
1843 728 1978 802 seqS

1362 838 1424 879 re
1446 837 1541 879 me
1562 850 1577 865 ·
1606 820 1784 879 “erat
1803 830 1987 879 autem
2007 820 2043 879 fi

1361 912 1553 990 lippus
1582 931 1618 972 a
1644 914 1907 974 betsaida
1930 944 1945 959 ·

1362 1006 1435 1065 de
1464 1008 1697 1067 ciuitate
1726 1008 1979 1067 andreae

1359 1109 1418 1158 et
1446 1101 1628 1176 petri·
1689 1102 1734 1133 ⁴⁸
1756 1102 1989 1160 Inuenit

1359 1194 1592 1273 filippus
1621 1197 1877 1254 nathana

2194 487 2343 538 tertia
2366 488 2517 538 lectio
2540 490 2588 538 in
2613 488 2696 539 die
2718 484 2809 539 sEo

2280 553 2525 618 Epefania

2173 633 2370 696 Amen
2399 656 2572 696 amen
2601 639 2736 698 dico

2170 731 2341 790 uobis
2372 734 2507 809 quia
2535 751 2571 791 a
2598 733 2780 792 modo

2169 824 2435 885 uidebitis
2462 827 2688 886 caelum

2169 927 2435 993 apertum
2455 951 2469 966 ·
2532 929 2590 981 et
2616 938 2769 998 ange

2168 1010 2260 1069 los
2290 1012 2350 1071 di
2379 1012 2713 1073 descenden

2167 1115 2257 1163 tes
2285 1116 2342 1163 et
2372 1108 2757 1168 ascendentes

2167 1198 2245 1256 ad
2274 1198 2452 1259 filium
2482 1200 2741 1261 hominis
2760 1234 2773 1249 ·
2792 1233 2836 1246 -

1358 1289 1412 1347 el
1431 1320 1445 1334 ·
1509 1299 1566 1348 et
1596 1289 1736 1348 dixit
1765 1290 1845 1347 illi
1865 1320 1880 1336 ·
1946 1307 2057 1368 que
2120 1285 2149 1319 *
2170 1297 2231 1352 2.
2273 1292 2380 1351 ¹Et
2408 1295 2574 1354 tertia
2602 1294 2695 1355 die
2724 1314 2845 1374 nup

1357 1383 1586 1459 scripsit
1613 1401 1848 1460 moyses

1355 1477 1418 1534 in
1444 1476 1575 1552 lege
1603 1487 1661 1535 et
1689 1477 1913 1556 profete

1358 1568 1699 1629 Inuenimus
1730 1571 1850 1628 ihm
1878 1571 1918 1630 fi

1355 1662 1495 1721 lium
1525 1662 1733 1742 ioseph
1815 1682 1852 1723 a
1878 1683 1956 1724 na

1357 1758 1553 1817 zareth
1573 1789 1587 1804 ·
1651 1759 1768 1817 “et
1798 1758 1944 1819 dixit

1354 1852 1434 1910 illi
1462 1852 1774 1911 nathanael
1796 1884 1811 1899 ·
1856 1872 1930 1912 ex

1355 1946 1633 2005 nazareth
1659 1956 1854 2022 potest

1354 2040 1571 2117 aliquid
1598 2041 1742 2100 boni
1768 2059 1897 2101 esse
1920 2073 1935 2089 ·

1358 2134 1495 2194 dicit
1523 2135 1602 2193 illi
1629 2135 1860 2213 filippus
1886 2154 1961 2195 ue

1355 2231 1416 2287 ni
1451 2240 1508 2288 et
1535 2229 1669 2288 uide
1692 2260 1707 2275 ·
1772 2230 1817 2262 ⁴⁷
1832 2230 1976 2289 uidit

1352 2322 1443 2381 ihs
1470 2322 1782 2383 nathanael
1806 2326 1943 2383 ueni

1353 2429 1550 2479 entem
1572 2418 1646 2477 ad
1675 2436 1738 2478 se
1762 2450 1777 2465 ·
1820 2427 1879 2479 et
1900 2418 2042 2479 dixit

1355 2550 1429 2610 de
1459 2550 1559 2609 illo
1584 2582 1598 2596 ·
1657 2548 1817 2610 Ecce
1845 2568 2017 2609 uerus

1353 2644 1673 2703 israhelites
1765 2645 1827 2702 in
1855 2662 1974 2721 quo

1354 2737 1522 2797 dolus
1551 2755 1676 2797 non
1704 2748 1794 2797 est
1816 2769 1831 2784 ·
1894 2737 1939 2771 ⁴⁸
1959 2737 2036 2796 Di

1352 2833 1429 2890 cit
1455 2832 1535 2891 illi
1563 2831 1876 2892 nathanael

1350 2926 1509 2986 unde
1535 2945 1632 2985 me
1661 2927 1816 2986 nosti
1834 2957 1849 2972 ·

1356 3019 1688 3096 Respondit
1757 3020 1847 3080 ihs

1354 3125 1412 3173 et
1442 3114 1587 3173 dixit
1615 3114 1692 3173 illi
1773 3124 1909 3174 ante

1354 3225 1531 3285 quam
1560 3217 1617 3266 te
1646 3207 1878 3284 filippus

1354 3311 1592 3362 uocaret
1674 3319 1810 3360 cum
1839 3320 1969 3361 eses

1354 3397 1462 3455 sub
1483 3398 1690 3455 arbore
1719 3395 1814 3454 fici

1354 3490 1473 3549 uidi
1501 3501 1557 3549 te
1582 3522 1597 3536 ·
1626 3503 1634 3510 ·
1661 3491 1705 3522 ⁴⁹
1726 3489 1971 3566 Respon

1356 3585 1439 3643 dit
1468 3583 1777 3642 nathanael
1806 3593 1864 3641 et

1356 3679 1498 3738 dixit
1526 3679 1578 3737 ei
1662 3678 1827 3736 rabbi
1854 3686 1917 3735 tu
1945 3695 2009 3736 es

1358 3772 1508 3831 filius
1538 3772 1598 3830 di
1616 3804 1630 3818 ·
1674 3781 1736 3829 tu
1764 3789 1827 3830 es
1851 3789 1952 3830 rex

1353 3865 1426 3924 isi
1447 3896 1461 3911 ·
1521 3864 1919 3941 ¹⁵⁰Respondit

1353 3960 1443 4018 ihs
1470 3969 1528 4019 et
1557 3959 1699 4018 dixit
1726 3958 1805 4017 illi
1825 3990 1838 4005 ·
1901 3958 2036 4034 quia

1354 4054 1471 4112 dixi
1498 4054 1620 4112 uidi
1649 4064 1705 4112 te
1735 4055 1843 4111 sub
1872 4071 1937 4111 ar

1350 4149 1491 4207 bore
1521 4148 1614 4206 fici
1643 4148 1829 4206 credis
1852 4177 1867 4193 ·

1348 4243 1573 4300 maiora
1601 4241 1810 4299 horum
1837 4240 1897 4297 ui

1351 4335 1517 4394 debis
1537 4366 1550 4381 ·
1612 4332 1655 4366 ⁸¹
1677 4333 1754 4392 Et
1782 4333 1923 4392 dixit
1951 4333 2004 4393 ei

2116 1384 2280 1445 *tiae
2307 1386 2456 1446 facte
2485 1399 2620 1448 sunt

2117 1475 2145 1508 ²⁸¹
2166 1479 2228 1536 in
2256 1498 2406 1539 cana
2433 1481 2676 1558 galileae
2753 1476 2758 1480 ’

2118 1570 2148 1604 *
2169 1572 2245 1631 Et
2274 1586 2394 1633 erat
2422 1586 2605 1635 mater
2635 1576 2732 1634 ihu

2118 1662 2148 1696 *
2168 1666 2248 1726 ibi
2272 1698 2286 1713 ·
2312 1698 2327 1714 ·
2387 1665 2410 1698 ²
2429 1680 2672 1727 uocatus
2701 1680 2790 1729 est

2117 1761 2147 1796 *
2169 1771 2365 1820 autem
2391 1762 2482 1821 ihs
2510 1772 2569 1821 et
2596 1763 2684 1823 dis

2163 1854 2340 1931 cipuli
2372 1857 2493 1915 eius
2523 1856 2598 1914 ad
2628 1874 2749 1933 nup

2160 1948 2270 2007 tias
2293 1980 2307 1995 ·
2368 1948 2389 1981 ³
2410 1961 2469 2009 et
2497 1968 2632 2009 cum
2662 1952 2736 2010 de

2161 2041 2392 2103 fecisset
2420 2045 2622 2102 uinum
2642 2076 2657 2091 ·

2160 2135 2320 2196 Dicit
2346 2147 2532 2195 mater
2560 2138 2657 2196 ihu
2686 2138 2763 2198 ad

2161 2248 2297 2289 eum
2320 2261 2335 2277 ·
2399 2231 2601 2290 uinum
2631 2249 2755 2291 non

2161 2324 2382 2384 habent
2407 2356 2422 2372 ·
2487 2326 2508 2357 ⁴
2527 2336 2585 2385 et
2612 2326 2757 2385 dixit

2160 2418 2239 2478 illi
2268 2417 2358 2479 ihs
2378 2450 2393 2467 ·
2454 2420 2593 2497 quid
2621 2420 2763 2480 mihi

2163 2560 2221 2609 et
2248 2551 2352 2610 tibi
2379 2552 2586 2611 mulier
2669 2571 2790 2612 non

2161 2644 2300 2702 dum
2330 2645 2491 2705 uenit
2520 2645 2667 2706 hora
2694 2664 2828 2706 mea
2850 2677 2865 2693 ·

2158 2737 2181 2770 ⁸
2197 2738 2361 2797 Dixit
2389 2749 2580 2798 autem
2613 2751 2796 2802 mater

2159 2831 2259 2892 ihu
2291 2834 2566 2894 ministris
2585 2865 2600 2880 ·

2156 2927 2568 3005 quodcumque
2603 2929 2738 2990 dixe

2154 3022 2226 3079 rit
2252 3023 2423 3082 uobis
2451 3022 2621 3083 facite

2154 3115 2175 3147 ⁶
2192 3113 2377 3174 Erant
2393 3126 2588 3175 autem
2607 3117 2860 3194 hydreae

2154 3207 2419 3285 lapideae
2453 3228 2557 3269 sex
2586 3213 2778 3288 posite

2155 3303 2478 3361 secundum
2506 3306 2676 3381 purifi

2155 3398 2451 3455 cationem
2481 3397 2759 3458 iudaeorii
2779 3429 2794 3445 ·

2154 3502 2436 3567 capentes
2465 3502 2776 3553 metraetas

2154 3584 2324 3643 binas
2352 3585 2446 3644 uel
2475 3595 2669 3644 ternas
2690 3617 2704 3632 ·

2154 3676 2176 3710 7
2195 3678 2360 3736 Dixit
2388 3677 2496 3736 illis
2524 3677 2613 3737 ihs
2644 3677 2822 3756 imple

2153 3781 2248 3831 tae
2278 3772 2511 3847 hydrias
2541 3790 2694 3848 aqua
2716 3802 2731 3818 ·

2154 3875 2214 3924 et
2242 3865 2630 3941 impleuerunt
2657 3882 2758 3925 eas

2150 3975 2337 4034 usque
2366 3957 2440 4014 ad
2470 3975 2762 4016 summum
2782 3989 2798 4004 ·

2126 4048 2148 4081 ⁸
2155 4052 2233 4111 Et
2244 4050 2503 4110 dixitillis
2513 4051 2691 4109 aurite
2705 4069 2862 4115 nunc

2153 4157 2211 4206 et
2238 4145 2378 4204 ferte
2407 4143 2714 4203 architricli

2149 4258 2230 4298 no
2251 4269 2266 4286 ·
2329 4249 2386 4297 et
2412 4237 2716 4296 atullerunt
2734 4269 2750 4285 ·

2148 4332 2335 4392 ⁹Cum
2356 4342 2549 4391 autem
2566 4342 2857 4409 gustasset

3543 367 3629 434 43

2923 633 3363 695 Architriclinus

2924 747 3139 805 aquam
3167 730 3375 788 uinum
3404 729 3497 790 fac

2924 833 3048 881 tum
3118 834 3176 882 et
3203 825 3505 901 ignorab⁸t

2922 916 3080 975 unde
3109 929 3263 978 esset
3344 920 3427 976 mi

2924 1010 3089 1069 nistn'
3117 1028 3257 1070 uero
3287 1012 3407 1071 scie

2921 1104 3065 1163 bant
3092 1105 3230 1181 quia
3257 1106 3414 1166 aurie

2923 1207 3053 1256 rant
3081 1216 3297 1275 aquam
3321 1230 3336 1245 ·

2923 1290 3096 1351 Tunc
3127 1303 3300 1352 uocat
3327 1300 3552 1371 sponsu

2921 1386 3339 1446 architriclinus

2922 1475 2968 1511 ¹⁰
2983 1491 3041 1538 et
3071 1479 3213 1539 dixit
3242 1481 3354 1539 illi·
3410 1481 3607 1541 omnis

2920 1572 3104 1633 homo
3132 1575 3388 1650 primum
3417 1576 3477 1633 ui

2921 1684 3063 1723 num
3092 1669 3317 1727 bonum
3347 1669 3516 1744 ponit
3537 1700 3551 1715 ·

2920 1758 3133 1819 deinde
3160 1778 3296 1819 cum
3326 1761 3506 1820 inebri

2919 1854 2997 1912 ati
3026 1853 3235 1912 fuerint
3264 1853 3429 1912 homi

2918 1963 3025 2005 nes
3053 1947 3115 2005 id
3143 1947 3304 2025 quod
3333 1947 3521 2007 deteri

2915 2056 2985 2098 us
3009 2065 3022 2079 ·
3086 2049 3150 2099 tu
3177 2052 3367 2100 autem
3397 2058 3467 2101 us

2914 2151 3029 2210 que
3058 2152 3215 2194 nunc
3245 2153 3443 2195 seruas

2916 2228 2957 2285 ti
2981 2229 3204 2287 bonum
3231 2228 3435 2286 uinum
3455 2260 3469 2275 ·

2916 2320 2959 2353 77
2978 2319 3117 2381 Hoc
3146 2322 3399 2398 primum
3428 2323 3594 2383 initiii

2917 2414 3054 2476 fecit
3082 2414 3173 2476 ihs
3201 2416 3437 2494 signum

2918 2547 2979 2605 in
3007 2565 3156 2607 cana
3182 2547 3427 2625 galileae
3447 2580 3461 2595 ·
3522 2559 3582 2608 et

2919 2641 3313 2701 manifestauit
3341 2642 3490 2719 glori

2916 2753 3014 2795 am
3042 2754 3210 2795 suam
3229 2768 3243 2783 ·
3308 2746 3366 2795 et
3395 2755 3494 2796 cre

2915 2828 3183 2888 diderunt
3213 2830 3273 2887 in
3302 2829 3463 2887 illum

2914 2923 3184 3002 discipuli
3211 2924 3336 2982 eius
3355 2954 3370 2969 ·
3394 2956 3477 2966 —

2912 3013 2957 3048 ¹²
2973 3017 3115 3077 Post
3142 3017 3251 3077 hec
3287 3016 3592 3076 descendit

2910 3128 3265 3188 capernaum
3294 3111 3419 3186 ipse

2910 3213 2967 3261 et
3000 3215 3185 3263 mater
3213 3205 3337 3263 eius
3410 3215 3469 3264 et

2908 3296 3176 3374 discipuli
3207 3298 3329 3357 eius
3353 3329 3368 3344 ·
3411 3307 3472 3356 et

2909 3391 2987 3448 ibi
3017 3401 3354 3462 manserunt
3382 3409 3507 3450 non

2908 3486 3124 3544 multos
3154 3485 3278 3543 dies
3302 3515 3317 3530 ·

2908 3576 2952 3610 ²⁸
2970 3577 3204 3636 Etcum
3233 3578 3293 3636 in
3321 3578 3592 3654 proximo

2909 3681 3063 3730 esset
3091 3670 3314 3749 pascha
3343 3671 3477 3730 iude

2909 3781 3077 3822 orum
3160 3773 3220 3823 et
3247 3763 3512 3823 ascendit

2908 3856 3300 3934 hierosolyma
3328 3857 3417 3917 ihs
3440 3888 3456 3904 ·

2907 3950 2950 3985 ¹⁴
2968 3951 3045 4011 Et
3075 3952 3295 4010 inuenit
3322 3952 3384 4010 in
3411 3961 3532 4010 tem

2906 4045 3007 4124 plo
3035 4044 3357 4104 uendentes

2904 4157 3047 4199 oues
3075 4148 3133 4197 et
3161 4139 3346 4198 boues
3374 4148 3433 4197 et
3460 4156 3535 4198 co

2902 4234 3131 4292 lumbas
3214 4242 3270 4292 et
3303 4250 3447 4290 num

2903 4326 3178 4386 mulatios
3207 4327 3481 4386 sedentes

3189 4437 3230 4479 o
3262 4439 3291 4478 a

3671 629 3793 679 1¹01.
3810 631 3942 680 206.
