4414 4917
324 513 462 564 101.
487 515 601 564 110.

649 347 739 397 XI.
764 337 988 406 21—47.]

647 506 707 565 in
737 526 882 585 pace
912 517 1046 566 sunt
1075 525 1146 566 ea
1173 525 1287 584 que

645 601 903 677 possidet
922 632 935 647 ·
980 598 1027 632 ²²
1046 600 1104 659 Si
1134 618 1206 659 au

645 704 765 753 tem
793 694 994 754 fortior
1021 694 1122 755 illo

645 789 1038 865 superuenerit

643 891 701 940 et
728 881 930 941 uicerit
955 899 1093 940 eum
1112 913 1126 928 ·
1196 882 1298 941 uni

643 993 810 1034 uersa
837 994 1000 1034 arma
1025 976 1149 1034 eius

642 1068 857 1127 auferet
879 1069 940 1127 in
969 1069 1180 1146 quibus

641 1163 972 1221 confidebat
1040 1174 1096 1223 et
1124 1181 1233 1240 spo

638 1254 714 1315 lia
740 1256 1039 1316 distribuet

637 1349 681 1384 '³
699 1349 819 1422 Qui
847 1368 971 1409 non
996 1359 1085 1409 est
1106 1369 1338 1410 mecum

638 1443 916 1503 aduersus
944 1462 1038 1502 me
1066 1453 1155 1502 est

638 1535 713 1594 Et
741 1537 841 1614 qui
870 1555 992 1595 non
1019 1537 1239 1612 colligit

637 1647 870 1689 mecum
909 1631 1129 1707 spargit
1151 1661 1165 1676 ·

635 1719 677 1755 ’⁴
700 1722 855 1782 Cum
883 1724 1196 1783 inmundus
1218 1730 1319 1801 sps

637 1817 835 1876 exierit
863 1817 939 1875 ab
967 1816 1130 1876 homi

637 1929 710 1969 ne
740 1910 1104 1986 perambulat

633 2022 736 2080 per
763 2002 895 2062 loca
929 2004 1090 2063 arida

635 2095 939 2169 Quaerens
967 2098 1222 2174 requiem

626 2201 689 2249 et
716 2209 838 2249 non
866 2192 1168 2250 inueniens

633 2282 789 2344 Dicit
856 2285 1103 2344 reuertar
1124 2286 1185 2345 in

633 2377 874 2436 domum
902 2396 1097 2438 meam

628 2472 779 2531 unde
808 2474 961 2532 exiui

628 2600 767 2665 ”Et
794 2622 932 2664 cum
959 2605 1178 2664 uenerit
1207 2606 1268 2665 in

627 2699 784 2758 uenit
812 2700 1007 2776 scopis
1034 2717 1177 2758 mun

629 2792 825 2851 datam
852 2802 909 2851 et
938 2803 1193 2852 ornata-

626 2882 669 2919 ’⁸
691 2885 864 2946 Tunc
898 2886 1057 2945 uadit
1083 2896 1141 2946 et
1161 2887 1306 2947 adsu

625 2979 731 3039 mit
758 2990 986 3056 septem
1020 2980 1162 3040 alios

626 3078 726 3149 sps
754 3075 1062 3149 nequiores
1090 3093 1151 3134 se

625 3166 704 3224 Et
726 3167 974 3245 ingressi
1001 3168 1198 3227 inhabi

624 3268 749 3319 tant
816 3269 875 3322 et
902 3261 965 3320 fit
993 3263 1162 3320 nouis

624 3354 806 3413 simae
833 3353 1163 3414 huiusmodi

625 3447 877 3508 hominis
902 3449 1021 3508 uita
1047 3468 1120 3526 pe

625 3541 714 3600 ior
741 3542 919 3619 priori
942 3574 955 3589 ·
979 3573 994 3589 ·
1016 3576 1100 3586 —

621 3632 667 3668 '⁷
683 3635 928 3695 Factum
957 3646 1045 3696 est
1072 3647 1267 3696 autem

623 3747 756 3803 cum
788 3729 933 3789 haec
966 3731 1183 3790 diceret

621 3823 903 3883 extollens
930 3842 1142 3884 uocem

620 3917 871 3994 quedam
901 3918 1105 3976 mulier

620 4011 694 4070 de
722 4012 888 4070 turba
957 4012 1101 4070 dixit
1132 4010 1171 4070 il

620 4105 660 4164 li
677 4136 691 4151 ·
718 4138 732 4152 ·
789 4104 1008 4164 Beatus
1036 4124 1152 4164 uen

621 4209 706 4258 ter
734 4199 833 4276 qui
863 4209 918 4258 te
947 4209 1117 4275 porta

620 4294 704 4352 uit
772 4304 830 4353 et
857 4294 1039 4351 ubera
1066 4309 1216 4369 quae

622 4387 823 4446 suxisti
846 4418 861 4433 ·
887 4417 902 4432 ·
947 4385 1089 4445 ”Ad
1118 4386 1216 4445 ille

618 4479 761 4539 dixit
788 4480 864 4539 ad
893 4496 997 4539 eos
1063 4479 1218 4538 beati

618 4575 718 4651 qui
746 4573 990 4633 audiunt
1015 4573 1198 4632 uerbfi
1236 4573 1295 4632 di

1973 328 2325 391 LUCAN-

1401 517 1457 566 et
1485 506 1705 566 faciunt
1728 538 1741 553 ·
1788 506 1833 541 ²⁹
1851 506 2031 565 turbis

1400 609 1595 660 autem
1622 618 1946 659 concurren

1397 694 1551 752 tibus
1570 724 1585 739 ·
1658 695 1852 770 coepit
1879 693 2008 752 dice

1394 804 1459 846 re
1485 787 1575 846 ihs
1603 787 1899 864 generatio

1396 879 1539 939 haec
1569 881 1868 956 generatio
1889 912 1902 926 ·
1956 897 2032 939 ne

1395 991 1512 1051 qua
1540 983 1628 1032 est
1696 974 1930 1050 signum

1395 1069 1580 1145 querit
1605 1077 1661 1126 et
1690 1086 1811 1126 non
1841 1067 1973 1127 dabi

1394 1170 1484 1218 tur
1511 1161 1589 1219 illi
1618 1161 1729 1220 nisi
1760 1160 1929 1236 signu

1392 1255 1563 1314 ionae
1591 1255 1847 1332 profetae

1389 1347 1435 1380 ³⁰
1453 1347 1610 1406 Nam
1630 1348 1783 1407 'sicut
1803 1348 1906 1406 fuit
1926 1347 2090 1406 ionas

1388 1442 1617 1518 signum
1647 1442 1912 1500 nineuitis
1935 1473 1950 1488 ·

1388 1536 1479 1595 Ita
1507 1537 1611 1595 erit
1639 1546 1696 1595 et
1726 1536 1875 1594 filius
1903 1535 1983 1595 ho

1388 1630 1560 1688 minis
1587 1630 1884 1707 generatio

1387 1723 1446 1780 ni
1475 1722 1608 1783 huic
1630 1756 1643 1769 ·
1666 1754 1680 1769 ·
1703 1754 1716 1770 ·
1761 1722 1803 1755 ⁸¹
1827 1722 2058 1799 Regina

1386 1819 1462 1876 ab
1491 1826 1684 1877 austro
1711 1827 1909 1894 surget

1387 1911 1445 1969 in
1474 1911 1689 1970 iudicio
1717 1929 1856 1970 cum
1884 1910 1943 1969 ui

1383 2004 1459 2063 ris
1487 2005 1845 2081 generationi
1873 2003 1955 2063 hu

1383 2098 1437 2157 ic
1458 2129 1472 2144 ·
1546 2108 1603 2157 et
1630 2098 1960 2157 condemna

1384 2191 1468 2249 bit
1494 2192 1627 2251 illos
1689 2193 1825 2268 quia
1852 2191 2015 2251 uenit

1382 2302 1418 2343 a
1447 2285 1659 2344 finibus
1689 2294 1870 2344 terrae

1379 2379 1578 2438 audire
1607 2380 1938 2455 sapientia·-

1381 2473 1706 2532 solomonis
1725 2504 1739 2519 ·
1810 2474 1888 2532 Et
1916 2491 2053 2533 ecce

1381 2605 1511 2682 plus
1539 2605 1633 2663 hic
1661 2622 1840 2682 quam
1870 2603 1998 2664 solo

1379 2716 1525 2756 mon
1544 2729 1558 2744 ·
1602 2695 1647 2730 ⁸²
1663 2697 1789 2756 Uiri
1818 2697 1954 2756 nine

1377 2792 1495 2851 uite
1553 2801 1793 2868 surgent

1376 2885 1437 2945 in
1465 2885 1681 2944 iudicio
1709 2903 1847 2944 cum
1873 2902 1948 2960 ge

1375 2980 1672 3038 neratione
1697 2979 1808 3038 hac
1878 2987 1936 3036 et

1377 3073 1854 3132 condemnabunt
1875 3071 1914 3130 il

1376 3167 1495 3225 lam
1518 3198 1533 3214 ·
1605 3167 1740 3244 quia
1767 3166 2003 3243 peniten

1376 3261 1518 3319 tiam
1545 3270 1788 3337 egerunt
1814 3261 1875 3320 in

1376 3355 1773 3432 predicatione
1801 3356 1972 3416 ionae

1375 3448 1454 3508 Et
1481 3468 1621 3508 ecce
1651 3449 1780 3527 plus
1808 3468 1988 3526 quam

1375 3542 1511 3602 iona
1539 3543 1633 3602 hic
1661 3575 1673 3588 ·
1700 3575 1713 3589 ·
1741 3575 1754 3589 ·
1798 3543 2057 3604 ”Nemo

1374 3646 1567 3696 autem
1595 3637 1893 3696 lucernam

1374 3730 1641 3790 accendit
1668 3740 1725 3789 et
1753 3731 1812 3789 in
1841 3733 1917 3790 ab

1373 3825 1640 3883 scondito
1668 3825 1833 3900 ponit
1850 3856 1865 3871 ·

1372 3936 1564 3995 neque
1593 3920 1701 3977 sub
1729 3918 1929 3978 modio

1374 4010 1490 4071 Sed
1520 4030 1692 4088 super
1721 4012 1970 4071 candela

1368 4106 1539 4165 brum
1610 4114 1673 4164 ut
1701 4106 1799 4182 qui
1828 4106 1992 4182 ingre

1372 4199 1604 4258 diuntur
1624 4199 1821 4257 lumen
1848 4200 1907 4257 ui

1372 4293 1578 4352 deant:
1623 4289 1923 4352 ulucerna
1951 4312 2055 4353 cor

1371 4386 1530 4464 poris
1558 4397 1646 4446 est
1673 4386 1875 4444 oculus

1372 4489 1505 4538 tuus
1528 4511 1542 4526 ·
1617 4480 1770 4539 Cum
1801 4477 1968 4537 fuerit

1371 4573 1577 4634 oculus
1595 4584 1728 4633 tuus
1764 4571 2009 4647 simplex

2126 4641 2133 4650 ο
2175 4592 2317 4633 nam
2346 4581 2402 4632 et
2429 4589 2567 4632 ecce
2596 4572 2797 4631 omnia

3572 344 3647 409 91

2952 501 3238 562 mundata
3265 512 3398 562 sunt
3423 520 3504 563 uo
3681 513 3805 563 ποι.
3820 513 3942 563 120.

2952 597 3043 655 bis
3067 628 3082 644 ·
3127 594 3172 629 ⁴²
3190 596 3305 656 Sed
3334 615 3443 657 uae

2952 691 3124 751 uobis
3153 690 3343 750 farisei
3368 722 3381 737 ·
3443 690 3546 769 qui

2951 783 3253 844 decimatis
3290 791 3490 843 menta

2952 887 3009 936 et
3035 887 3223 937 rutam
3251 888 3307 937 et
3336 896 3518 937 omne

2951 970 3122 1030 holus
3141 1002 3155 1017 ·
3226 980 3284 1030 et
3313 973 3521 1048 preteri

2948 1065 3020 1123 tis
3047 1064 3322 1124 iudicium
3352 1076 3408 1125 et
3436 1066 3554 1126 cari

2948 1167 3129 1218 tatem
3156 1159 3215 1217 dr
3236 1190 3251 1206 ·
3318 1159 3489 1219 Haec

2950 1253 3106 1312 enim
3137 1253 3393 1330 oportuit
3422 1253 3553 1314 face

2946 1364 3010 1405 re
3037 1357 3093 1406 et
3120 1347 3217 1405 illa
3244 1365 3365 1406 non
3394 1348 3542 1406 omit

2948 1447 3070 1500 tere
3093 1471 3107 1486 ·
3132 1471 3147 1486 ·
3170 1472 3183 1486 ·
3235 1440 3280 1474 ⁴³
3298 1439 3425 1499 Uae
3453 1442 3626 1501 uobis

2946 1531 3133 1592 farisei
3204 1534 3342 1612 quia
3368 1534 3470 1592 dili

2944 1627 3079 1702 gitis
3109 1628 3326 1703 primas
3355 1628 3527 1687 cathe

2944 1719 3074 1779 dras
3103 1720 3163 1779 in
3193 1722 3511 1798 synagogis

2942 1823 2999 1873 et
3021 1814 3394 1873 salutationes
3423 1816 3484 1873 in

2943 1907 3071 1966 foro
3095 1939 3109 1954 ·
3171 1918 3228 1966 et
3257 1909 3483 1985 primos

2200 514 2387 565 totum
2416 522 2628 582 corpus
2658 510 2759 565 tufi

2198 598 2457 658 lucidum
2484 600 2589 659 erit
2607 629 2622 645 ·

2199 690 2353 751 Cum
2382 703 2577 751 autem
2607 697 2799 768 nequ-3

2196 784 2367 844 fuerit
2433 787 2607 844 etiam
2637 804 2738 844 cor

2194 896 2306 955 pus
2333 889 2498 938 tuum
2525 880 2710 939 obscu

2194 990 2323 1031 rum
2352 974 2458 1032 erit
2480 1004 2494 1019 ·
2559 972 2752 1049 ³⁶Aspi

2195 1083 2264 1124 ce
2292 1085 2434 1143 ergo
2462 1085 2536 1125 ne
2558 1066 2718 1144 quod

2193 1158 2392 1218 lumen
2422 1170 2508 1219 est
2536 1161 2597 1218 in
2626 1169 2681 1219 te
2711 1170 2768 1219 te

2192 1253 2370 1312 nebre
2399 1253 2511 1312 sint
2534 1285 2548 1300 ·
2598 1253 2705 1311 ⁸⁶si
2735 1270 2798 1312 er

2193 1364 2273 1422 go
2302 1365 2520 1424 corpus
2549 1356 2714 1406 tuum

2193 1440 2491 1500 lucernam
2522 1459 2647 1500 non
2675 1440 2753 1499 ha

2195 1533 2337 1592 bens
2366 1534 2619 1593 lucidam
2693 1534 2772 1593 ob

2193 1644 2427 1686 scurum
2458 1638 2545 1687 est
2567 1659 2581 1674 ·
2654 1646 2813 1705 quan

2192 1729 2255 1780 to
2284 1721 2474 1797 magis
2504 1739 2640 1780 cum
2668 1722 2729 1781 lu
2807 1765 2815 1774 .

2191 1830 2366 1872 cerna
2396 1814 2585 1874 luceat
2613 1816 2673 1873 in
2702 1815 2761 1872 lu

2192 1938 2205 1952 ·
2230 1938 2243 1952 ·
2267 1939 2281 1953 ·
2304 1909 2490 1966 minat
2527 1918 2584 1967 te
2607 1933 2690 1960 m

2140 1997 2169 2029 *
2190 1999 2236 2033 ⁸⁷
2251 2000 2323 2059 In
2352 2020 2424 2060 eo
2453 2011 2646 2061 autem
2677 2020 2812 2063 cum
2834 2003 2892 2062 lo
2943 2001 3260 2061 discubitos
3288 2002 3349 2060 11¹
3379 2021 3498 2062 001²

2139 2091 2168 2124 *
2190 2104 2460 2170 queretur
2489 2126 2503 2141 ·
2574 2095 2679 2154 fari

2137 2187 2166 2219 *
2189 2206 2322 2247 seus
2351 2189 2594 2264 quidam
2619 2208 2686 2249 ro

2942 2091 3111 2153 uiuiis
3135 2127 3147 2141 ·
3169 2127 3182 2141 ·
3206 2127 3219 2141 ·
3266 2096 3310 2128 ⁴⁴
3327 2095 3457 2155 Uae

2941 2189 3114 2247 uobis
3143 2189 3332 2248 scribe
3358 2199 3416 2248 et
3444 2188 3502 2249 fa

2940 2282 3107 2341 risaei
3133 2281 3467 2359 hypocritae
3491 2314 3506 2330 ·

2941 2375 3082 2452 quia
3108 2387 3496 2435 monumenta

2938 2470 3075 2530 estis
3146 2487 3296 2548 quae
3326 2488 3448 2528 non
3478 2490 3556 2549 ap
3603 2529 3604 2532 ,

2185 2282 2348 2359 gauit
2376 2283 2536 2342 illum
2563 2293 2625 2342 ut
2652 2290 2725 2343 cu

2184 2395 2258 2436 eo
2286 2377 2596 2453 pranderet
2616 2408 2631 2424 ·
2699 2376 2781 2439 Et

2186 2472 2481 2548 ingressus
2504 2490 2641 2531 recu

2933 2610 3140 2679 parent
3206 2612 3264 2660 et
3292 2601 3454 2661 homi

2940 2713 3044 2755 nes
3074 2694 3436 2754 ambulantes

2940 2808 3115 2867 supra
3143 2790 3237 2848 illa
3263 2789 3425 2849 nesci

2937 2894 3046 2942 unt
3065 2914 3079 2929 ·
3102 2914 3115 2930 ·
3138 2914 3152 2929 ·
3197 2883 3243 2916 ⁴⁶
3265 2882 3511 2960 Respon

2938 2976 3085 3036 dens
3112 2987 3306 3036 autem
3335 2979 3436 3054 qui

2939 3070 3078 3129 dam
3107 3089 3179 3130 ex
3208 3071 3477 3148 legisperi

2940 3163 3012 3224 tis
3035 3197 3048 3210 ·
3080 3165 3159 3224 ait
3187 3165 3264 3223 illi
3287 3196 3303 3213 ·
3366 3166 3560 3245 magis

2189 2601 2346 2659 buit·
2390 2601 2434 2634 ⁸⁸
2453 2601 2761 2662 Phariseus

2183 2705 2377 2754 autem
2408 2696 2602 2772 coepit

2182 2789 2332 2848 intra
2359 2807 2421 2849 se
2449 2798 2723 2866 reputans

2184 2882 2375 2954 dicere
2445 2901 2624 2960 quare
2652 2901 2776 2941 non

2183 2978 2437 3054 primum
2464 2977 2697 3054 baptiza

2177 3081 2272 3130 tus
2300 3081 2386 3131 est
2411 3072 2567 3149 prius
2588 3082 2754 3150 qua-

2179 3164 2561 3223 manducaret
2583 3195 2599 3212 ·
2642 3164 2687 3197 ³⁹
2703 3164 2783 3224 Et

2180 3258 2326 3317 dixit
2353 3258 2462 3317 dfis
2491 3258 2565 3316 ad
2593 3258 2757 3317 illum
2779 3290 2794 3306 ·
2937 3266 3023 3317 ter
3050 3257 3197 3318 haec
3228 3258 3426 3318 dicens

2182 3371 2340 3411 nunc
2367 3371 2476 3412 uos
2504 3351 2731 3411 farisaei
2750 3383 2765 3399 ·
2936 3352 3111 3411 etiam
3139 3363 3196 3411 et
3224 3352 3395 3410 nobis
3424 3370 3542 3411 con

2181 3446 2345 3525 quod
2372 3446 2583 3505 deforis
2611 3455 2699 3504 est
2936 3445 3233 3503 tumeliam
3262 3444 3403 3503 facis
3427 3475 3442 3493 ·

2179 3541 2372 3600 calicis
2401 3551 2457 3599 et
2486 3541 2660 3599 catini
2687 3558 2834 3599 mun
2935 3538 3063 3597 “At
3079 3539 3203 3615 ipse
3225 3539 3304 3596 ait
3322 3569 3337 3585 ·
3379 3538 3638 3604 Etuobis

2179 3634 2327 3693 datis
2346 3665 2362 3682 ·
2435 3634 2597 3710 quod
2625 3639 2760 3693 aute
2930 3631 3275 3709 legisperitis
3305 3663 3319 3678 ·
3363 3649 3473 3692 uae
3494 3664 3509 3680 ·

2177 3729 2332 3786 intus
2361 3738 2449 3787 est
2476 3738 2735 3786 uestrum
2930 3726 3031 3805 qui
3061 3725 3356 3784 honeratis
3389 3725 3470 3785 ho

2175 3822 2415 3899 plenum
2442 3829 2530 3880 est
2556 3821 2759 3897 rapina
2932 3821 3121 3879 mines
3152 3820 3469 3878 honeribus

2177 3925 2235 3975 et
2262 3915 2566 3993 iniquitate
2585 3944 2600 3960 ·
2926 3933 3077 3993 quae
3106 3924 3324 3991 p0rtare
3345 3930 3470 3972 non

2176 4009 2223 4043 ⁴⁰
2243 4009 2410 4068 Stulti
2438 4025 2637 4066 nonne
2665 4007 2765 4085 qui
2794 4006 2849 4067 fe
2928 4017 3176 4085 possunt
3197 4039 3212 4053 ·
3274 4006 3353 4065 Et
3379 4007 3491 4083 ipsi

2176 4103 2254 4162 cit
2323 4101 2483 4180 quod
2510 4100 2644 4160 defo
2929 4120 3053 4162 uno
3082 4101 3263 4178 digito
3290 4112 3485 4160 uestro

2173 4198 2252 4256 ris
2280 4206 2369 4256 est
2394 4196 2570 4254 etiam
2599 4195 2658 4253 id
2930 4214 3054 4255 non
3081 4195 3315 4271 tangitis
3338 4226 3354 4242 ·

2174 4291 2339 4369 quod
2368 4290 2594 4348 deintus
2622 4297 2710 4347 est
2737 4287 2791 4347 fe
2929 4291 2975 4325 ⁴⁷
2998 4289 3126 4349 Uae
3142 4289 3314 4348 uobis
3335 4287 3435 4366 qui
3457 4287 3628 4349 aedifi

2175 4386 2255 4445 cit
2274 4416 2288 4431 ·
2333 4383 2376 4417 ⁴¹
2395 4383 2627 4442 Tamen
2656 4400 2806 4458 quae
2924 4385 3068 4445 catis
3095 4393 3481 4444 monumenta

2174 4489 2311 4538 sunt
2339 4478 2467 4537 date
2495 4476 2794 4553 aelemosy
2927 4479 3283 4558 profetarum
3313 4509 3328 4525 ·
3372 4496 3451 4556 pa

2931 4585 3045 4635 tres
3065 4584 3261 4633 autem
3288 4573 3465 4633 uestri

3193 4687 3232 4727 n
3266 4687 3296 4726 2
