4414 4917
3432 352 3548 414 161

1104 830 2013 916 FRAGMENTUM
2108 833 2191 916 U
2212 832 3146 918 INDOBONENSE
3181 831 3291 942 (v)

1053 1010 1765 1087 EUANGELII
1866 1014 2567 1089 SECUNDUM
2652 1014 3351 1113 JOHANNEM

1736 1182 1905 1247 CAP.
1941 1183 2138 1246 XIX.
2175 1196 2254 1264 27
2288 1183 2542 1247 -XX.
2581 1201 2675 1247 11.

959 1380 1048 1444 IN
1091 1381 1501 1449 Bibliotheca
1547 1383 1812 1468 publica
1845 1386 2348 1450 Uindobonensi
2380 1381 2584 1471 (Hos-
2619 1385 2762 1449 und
2795 1381 3417 1472 Stadt-Biin'othek)
3467 1386 3556 1451 ad

851 1484 1105 1548 initium
1151 1487 1395 1553 codicis
1441 1489 1664 1553 Latini
1706 1500 1853 1569 502,
1886 1510 2058 1554 saec.
2087 1503 2190 1564 lx,
2223 1490 2326 1554 cui
2370 1489 2602 1554 titulus
2627 1494 2642 1522 ‘
2666 1490 2906 1555 Pactus
2949 1489 3115 1573 legis
3162 1486 3555 1573 Ripuariae,’

846 1588 1076 1652 folium
1117 1590 1246 1655 hoc
1276 1593 1591 1657 uersionis
1632 1593 2387 1676 ante-Hieronymianae
2430 1595 2791 1677 repositum
2832 1604 2952 1658 est.
3045 1594 3341 1658 Litterae
3384 1593 3557 1677 frag-

851 1694 1055 1757 menti
1106 1693 1350 1759 saeculi
1394 1709 1500 1760 vll
1550 1698 1832 1762 ineuntis
1878 1699 2200 1777 uidentur,
2244 1700 2547 1782 quamuis
2593 1700 2658 1762 in
2710 1696 3020 1782 catalogo
3062 1697 3327 1762 saeculo
3378 1718 3557 1762 nono

850 1797 1191 1863 tribuatur.

937 1902 1199 1967 Folium
1236 1925 1323 1968 ex
1364 1907 1745 1972 membrana
1776 1907 1948 1971 binis
1992 1889 2334 1985 columnis,
2364 1907 2552 1970 lineis
2599 1906 2663 1969 in
2708 1925 3100 1989 unaquaque
3139 1904 3427 1988 triginta,
3468 1905 3557 1970 ad

849 2022 1152 2067 normam
1201 2006 1539 2083 ordinatis,
1584 2008 1902 2091 scriptum
1950 2015 2069 2070 est.
2159 2007 2457 2070 Litterae
2501 2006 2837 2070 breuiores
2881 2015 3033 2069 sunt
3082 2014 3149 2069 et
3192 2004 3555 2079 crassiores,

846 2126 979 2170 non
1023 2118 1243 2172 tamen
1273 2106 1545 2174 'crassae
1589 2131 1708 2176 nec
1752 2121 1994 2194 turpe3‚
2023 2131 2303 2194 quarum
2351 2111 2415 2173 in
2458 2111 2669 2193 prima
2710 2110 2953 2193 pagina
2993 2108 3268 2173 umbrae
3296 2117 3558 2172 tantum

852 2221 1117 2289 restant,
1147 2214 1317 2277 adeo
1349 2224 1789 2280 atramentum
1835 2216 1967 2279 fere
2007 2225 2227 2279 totum
2273 2215 2538 2278 interiit.
2631 2214 2709 2277 In
2740 2212 2949 2279 altera
2979 2233 3111 2277 non
3142 2212 3282 2276 sine
3314 2234 3558 2296 magna

850 2334 1004 2379 cura
1043 2314 1175 2399 legi
1216 2330 1509 2399 possunt.
1602 2320 1900 2383 Dextera
1943 2329 2135 2402 parte
2172 2317 2403 2382 folium
2435 2328 2811 2383 truncatum
2846 2327 2986 2395 est;
3033 2318 3211 2399 quod
3256 2327 3557 2400 superest

850 2413 956 2479 hic
1001 2413 1131 2480 illic
1177 2414 1480 2481 mutilum
1520 2428 1638 2498 est,
1675 2419 1885 2484 altum
1916 2419 2340 2483 centimetros
2367 2429 2532 2502 23.5‚
2555 2416 2763 2482 latum
2794 2417 3090 2481 maxima
3120 2414 3559 2501 amplitudine

857 2518 1000 2598 16.5
1072 2529 1140 2584 et
1210 2520 1485 2586 minima
1562 2534 1724 2603 15.4.
1837 2523 2333 2607 Exscripsimus
2392 2544 2653 2587 summa
2713 2543 2865 2588 cum
2925 2521 3265 2604 diligentia
3322 2520 3557 2585 diebus

853 2621 1162 2687 Octobris
1196 2637 1399 2701 xx1v,
1432 2639 1606 2703 xxv,
1638 2640 1782 2689 Aa).
1818 2627 2006 2708 1887.

940 2727 1289 2792 Lectiones
1329 2749 1461 2792 non
1499 2749 1760 2812 semper
1789 2731 2191 2795 concordant
2224 2749 2372 2794 cum
2412 2729 2750 2795 codicibus
2794 2729 2970 2793 notis
2998 2738 3159 2793 uett.
3193 2729 3338 2792 latt.
3371 2728 3483 2792 ubi
3514 2749 3556 2792 a

853 2830 1123 2913 uulgata
1153 2832 1677 2916 Hieronymiana
1702 2836 2093 2919 discrepant.
2159 2832 2478 2918 Exempli
2502 2833 2718 2917 gratia
2746 2832 3027 2916 legimus
3062 2832 3206 2897 xix.
3234 2848 3313 2913 27
3335 2833 3406 2896 in
3433 2853 3557 2896 sua

835 2944 1219 3016 potestatem
1264 2933 1380 3021 (εἷς
1424 2939 1500 3000 τὰ
1543 2938 1683 3014 ἴδια,
1713 2960 1921 3003 secum
1958 2959 2040 3015 e3
2084 2939 2154 3002 in
2189 2959 2316 3003 sua
2359 2959 2415 3014 a,
2447 2939 2511 3014 b,
2545 2938 2586 3011 s,
2618 2936 2685 3014 ff,
2715 2957 2779 3020 q,
2814 2958 2945 3021 vg;
2995 2958 3118 3001 om.
3150 2932 3231 3023 c).
3320 2934 3423 3001 Ib.
3472 2953 3553 3019 29

835 3039 1077 3120 pertice
1134 3034 1294 3125 (-ae)
1350 3042 1905 3124 circumponentes,
1972 3062 2122 3107 cum
2184 3042 2242 3105 ff
2300 3041 2489 3118 solo;
2558 3041 2643 3105 ib.
2717 3058 2806 3125 34
2869 3039 3043 3105 latus
3102 3040 3241 3104 eius
3285 3041 3565 3124 pepugit

847 3139 1170 3227 (pupugit,
1213 3141 1287 3229 b)
1338 3165 1424 3208 ex
1469 3166 1708 3229 graeco
1757 3145 1930 3225 ἔυυξε
1988 3143 2098 3231 (cf.
2131 3147 2462 3227 percussit
2501 3167 2559 3222 a,
2598 3145 2664 3224 ff,
2694 3145 3022 3227 percussit
3062 3153 3128 3209 et
3151 3144 3451 3226 perfodit
3489 3164 3556 3227 q,

832 3247 1130 3330 perfodit
1160 3266 1214 3322 c,
1245 3248 1525 3313 inseruit
1552 3270 1627 3327 e;
1682 3261 1911 3316 contra
1939 3252 2210 3333 aperuit,
2242 3272 2329 3314 ex
2361 3251 2658 3315 itacismo
2688 3247 2912 3327 ἤνοιξε,
2941 3248 2984 3325 s,
3014 3244 3146 3335 vg).
3241 3248 3338 3312 Ib.
3369 3262 3451 3331 37
3486 3257 3556 3312 et

850 3351 1086 3414 iterum
1147 3371 1275 3416 om.
1336 3351 1477 3416 alia
1534 3356 1866 3436 scriptura
1921 3354 2087 3418 dicit
2140 3352 2249 3418 vel
2308 3354 2542 3431 simile,
2602 3353 2783 3436 quod
2828 3351 2894 3414 in
2954 3351 3188 3415 ceteris
3254 3350 3552 3415 habetur.

852 3454 1160 3519 Ceterum
1209 3455 1643 3541 negligentius
1689 3460 1971 3541 scriptus
2015 3468 2114 3522 est
2152 3460 2388 3535 codex,
2437 3458 2670 3522 litteris
2715 3465 2783 3519 et
2829 3454 3047 3518 uerbis
3087 3454 3193 3519 hic
3244 3453 3376 3518 illic
3435 3475 3555 3538 per

849 3558 1161 3624 incuriam
1193 3561 1468 3643 perditis
1499 3557 1654 3648 (e.g.
1688 3563 1906 3628 inclito
1949 3584 2072 3648 pro
2117 3559 2473 3649 inclinato),
2503 3572 2570 3627 et
2613 3559 3088 3644 grammaticae
3135 3556 3374 3642 regulis
3418 3579 3551 3623 non

846 3663 1138 3728 seruatis

3097 3766 3159 3848 J.
3204 3765 3273 3830 S.

3102 3887 3192 3951 H.
3237 3887 3299 3969 J.
3330 3884 3439 3949 w,
