4414 4917
557 343 657 391 XV.
689 340 936 392 16-XV1.
963 336 1037 403 3.]

319 504 426 553 rol.
438 505 526 553 4ο.
558 503 741 563 adbuc
773 512 831 562 et
857 521 968 561 uos
1062 536 1065 539 ι

558 598 676 656 sine
703 596 981 655 intelectu
1007 614 1073 656 es

558 691 627 749 tis
649 717 662 730 ·
705 690 753 723 ¹⁷
769 689 1039 749 nondum
1074 689 1137 747 in

559 780 914 844 tellexsistis·
959 784 1097 859 quia

560 896 736 937 omne
765 876 927 954 quod
955 877 1015 934 in
1044 895 1113 937 os

558 973 727 1032 intrat
756 973 815 1030 in
843 975 1048 1030 uentre

559 1065 718 1125 uadit
743 1076 802 1125 et
828 1065 890 1123 in
918 1083 1086 1123 seces

559 1178 685 1218 sum
715 1160 953 1218 mittitur
977 1190 991 1205 ·

561 1253 601 1286 ¹⁸
621 1253 790 1325 Quae
817 1262 1013 1311 autem
1042 1268 1230 1327 proce

563 1348 706 1407 dunt
733 1347 806 1405 de
833 1364 933 1405 ore
962 1345 1037 1404 de

563 1440 733 1501 corde
763 1449 980 1499 exeunt

562 1544 617 1593 et
642 1552 713 1593 ea
740 1533 1127 1610 coinquinant

562 1627 855 1687 hominem
877 1663 890 1676 ·
947 1625 991 1658 ¹⁹
1007 1625 1101 1686 De

566 1720 737 1781 corde
767 1721 926 1779 enim
955 1738 1066 1779 exe

566 1824 666 1874 unt
696 1814 1084 1890 cogitationes

566 1910 711 1969 male
739 1908 1044 1968 fornicatio

565 2021 666 2062 nes
689 2030 702 2043 ·
748 2002 1027 2062 adulteria
1047 2028 1061 2041 ·

568 2096 877 2157 homicidia
894 2122 909 2136 ·
953 2096 1102 2155 furta
1120 2123 1134 2138 ·

568 2191 706 2251 falsa
734 2191 1066 2251 testimonia
1084 2216 1097 2230 ·

567 2284 935 2345 blasfaemiae
954 2310 967 2324 ·

567 2414 611 2449 ²⁰
628 2416 763 2476 Hae
794 2427 928 2476 sunt
956 2435 1071 2494 que
1100 2415 1234 2477 coin

570 2512 809 2588 quinant
835 2511 1133 2571 homine‘·

572 2604 708 2665 Non
736 2606 867 2666 lotis
896 2616 1091 2665 autem

573 2700 850 2759 manibus
890 2700 1055 2758 mani

570 2795 679 2853 bus
706 2793 1061 2853 manducare

571 2906 692 2947 non
721 2889 1060 2965 coinquinat

573 2981 867 3041 bominem
897 3012 913 3027 ·

573 3075 650 3138 ΡΙ
668 3075 745 3134 Et
774 3094 1043 3153 egressus
1072 3077 1209 3136 inde

573 3169 659 3229 ihs
686 3171 924 3229 secessit
950 3173 1011 3230 in

574 3275 761 3341 partes
795 3265 904 3341 tyri
931 3276 989 3324 et
1017 3266 1065 3324 si

575 3358 741 3418 donis
764 3390 778 3406 ·
822 3356 867 3390 ²²
883 3368 942 3418 et
968 3377 1107 3420 ecce

574 3451 776 3511 mulier
804 3471 1068 3512 cananea

574 3564 609 3604 a
636 3547 845 3607 finibus
872 3547 983 3606 illis
1010 3565 1148 3624 egre

574 3658 635 3699 sa
653 3672 668 3687 ·
712 3641 1003 3701 clamabat
1029 3642 1089 3701 di

574 3753 710 3794 cens
729 3766 743 3782 ·
790 3736 1064 3795 miserere

572 3830 685 3889 mei
712 3829 827 3889 dfie
857 3829 936 3888 fili
963 3828 1140 3888 dauid
1161 3861 1175 3876 ·

573 3923 686 3984 filia
712 3942 848 3983 mea
873 3923 1025 3983 male
1054 3941 1090 3982 a

575 4017 882 4079 daemonio
910 4029 1153 4077 uexatur
1174 4050 1189 4065 ·

572 4111 707 4173 ”At
735 4114 831 4172 ille
862 4130 985 4172 non
1012 4129 1229 4188 respon

572 4205 647 4265 dit
674 4209 726 4267 ei
754 4208 1005 4267 uerbum
1029 4237 1129 4252 ·—

1812 328 1947 390 MA
1965 318 2308 389 TTHEU·

1282 499 1359 559 Et
1386 500 1736 561 accedentes
1764 500 1853 561 dis

1282 595 1459 671 cipuli
1487 596 1609 655 eius
1636 614 1780 671 roga

1284 690 1425 748 bant
1454 708 1590 749 eum
1620 690 1793 748 dicen

1286 792 1373 841 tes
1393 814 1407 829 ·
1454 773 1777 843 Dimittes

1286 876 1382 951 qui
1416 876 1632 935 clamat
1658 888 1797 953 post

1287 988 1396 1029 nos
1416 1001 1430 1015 ·
1475 967 1519 1002 ²⁴
1537 969 1672 1045 Ipse
1701 975 1833 1029 aute

1285 1063 1646 1139 respondens
1674 1065 1752 1123 ait
1776 1096 1790 1110 ·

1287 1155 1428 1215 Non
1457 1158 1790 1233 summissus
1818 1159 1879 1218 ni

1288 1251 1335 1309 si
1363 1250 1439 1309 ad
1467 1270 1611 1310 oues
1638 1252 1804 1328 perdi

1287 1354 1375 1403 tas
1404 1345 1616 1404 domus
1644 1345 1715 1403 isi
1737 1376 1751 1392 ·

1287 1436 1332 1471 ²⁵
1350 1438 1428 1497 At
1457 1439 1554 1497 illa
1580 1430 1822 1498 ueniens
1851 1439 1926 1498 ad

1288 1533 1472 1593 orauit
1499 1552 1634 1591 eum
1664 1533 1864 1593 dicens
1884 1563 1898 1579 ·

1289 1625 1404 1686 dne
1434 1627 1644 1687 adiuua
1669 1646 1764 1687 me
1789 1659 1803 1673 ·

1289 1717 1333 1753 ²⁸
1349 1719 1486 1797 Ipse
1514 1732 1711 1781 autem
1740 1733 1946 1799 respon

1291 1815 1438 1874 dens
1469 1816 1578 1874 ait·
1623 1834 1745 1874 non

1290 1919 1376 1969 est
1404 1910 1628 1968 bonum
1657 1910 1859 1986 accipe

1289 2020 1350 2062 re
1379 2021 1594 2079 panem
1623 2003 1808 2063 filiorii

1290 2106 1349 2155 et
1376 2097 1601 2155 mittere
1631 2098 1836 2158 canibS
1861 2129 1874 2144 ·

1289 2187 1334 2222 ²⁷
1351 2190 1430 2249 At
1457 2190 1551 2248 illa
1580 2190 1720 2250 dixit
1746 2193 1944 2268 utique

1290 2285 1403 2343 dfie
1425 2315 1439 2331 ·
1483 2285 1641 2344 Nam
1668 2294 1727 2344 et
1753 2304 1822 2345 ca

1293 2418 1406 2478 telli
1439 2417 1798 2478 manducant

1291 2512 1367 2572 de
1395 2513 1561 2572 micis
1589 2531 1702 2589 que
1732 2531 1804 2572 ca

1294 2607 1439 2665 dunt
1466 2607 1538 2665 de
1567 2624 1773 2665 mensa

1292 2698 1663 2759 dominorum
1693 2718 1802 2760 suo

1292 2811 1420 2852 rum
1445 2825 1459 2839 ·
1501 2790 1544 2827 ²⁸
1564 2794 1736 2853 Tunc
1766 2813 1858 2855 res

1224 2892 1230 2898 '
1293 2888 1561 2964 pondens
1589 2889 1678 2948 ihs
1708 2890 1849 2948 dixit

1294 2982 1347 3040 ei
1391 3012 1405 3027 ·
1427 2981 1483 3041 O
1504 3013 1518 3029 ·
1562 2984 1764 3042 mulier

1297 3094 1512 3153 magna
1539 3087 1628 3136 est
1656 3077 1800 3137 fides

1296 3181 1395 3229 tua
1422 3170 1520 3229 fiat
1547 3172 1649 3230 tibi
1684 3172 1833 3231 sicut

1294 3265 1382 3324 uis
1410 3274 1469 3323 et
1496 3275 1699 3324 sanata
1724 3275 1814 3325 est

1299 3358 1412 3418 filia
1439 3359 1587 3417 illius
1615 3378 1686 3418 ex
1718 3359 1813 3418 illa

1298 3450 1443 3510 hora
1462 3483 1476 3498 ·
1519 3457 1555 3515 †
1574 3449 1618 3486 ⁹⁹
1638 3452 1715 3510 Et
1744 3472 1880 3513 cum

1298 3547 1592 3605 transisset
1619 3547 1755 3606 inde

1298 3640 1387 3698 ihs
1416 3640 1573 3699 uenit
1602 3659 1769 3700 secus

1297 3751 1458 3794 mare
1485 3734 1725 3812 galileae

1296 3839 1354 3888 et
1381 3830 1704 3889 ascendens
1731 3831 1791 3890 in

1298 3933 1561 3982 montem
1591 3924 1832 3984 sedebat

1297 4016 1375 4076 ibi
1399 4048 1413 4064 ·
1456 4016 1503 4051 ⁸⁰
1518 4026 1576 4076 et
1604 4036 1809 4078 accese

1296 4121 1429 4169 runt
1456 4111 1532 4170 ad
1557 4130 1692 4171 eum
1722 4123 1811 4171 tur
1893 4179 1897 4182 ,

1295 4204 1368 4264 be
1398 4205 1612 4265 multae
1633 4238 1646 4253 ·
1691 4207 1884 4266 haben

2103 511 2193 560 tes
2222 518 2424 561 secum
2454 518 2555 559 mu

2106 605 2198 655 tos
2228 595 2437 655 clodos
2466 614 2571 654 cae

2108 706 2212 748 cos
2242 689 2463 747 debiles
2492 698 2550 748 et

2105 783 2253 843 alios
2282 783 2498 842 multos
2517 813 2532 829 ·
2589 794 2648 842 et

2108 876 2473 952 proiecerunt
2498 895 2604 936 eos

2108 970 2183 1029 ad
2211 970 2393 1047 pedes
2421 971 2519 1028 ihu
2539 1002 2553 1017 ·
2589 980 2649 1030 et

2109 1065 2339 1123 sanauit
2366 1083 2469 1124 eos
2489 1096 2502 1111 ·
2540 1064 2583 1097 ³¹
2609 1065 2700 1124 Ita

2107 1168 2170 1216 ut
2198 1160 2362 1217 turbe
2392 1158 2540 1217 mira

2108 1261 2301 1310 rentur
2321 1283 2335 1297 ·
2378 1252 2556 1311 uiden

2026 1346 2051 1369 ⁶
2108 1356 2195 1404 tes
2224 1355 2416 1405 mutos
2445 1346 2503 1404 lo

2109 1449 2354 1515 quentes
2373 1470 2387 1485 ·
2432 1439 2568 1500 debi

2109 1532 2193 1592 les
2223 1550 2436 1593 sanos·
2483 1534 2579 1594 clo

2112 1627 2223 1686 dos
2251 1627 2613 1688 ambulantes
2634 1660 2651 1676 ·

2111 1739 2323 1780 caecos
2351 1721 2617 1781 uidentes

2110 1825 2169 1875 et
2197 1810 2653 1892 magnificabant

2111 1908 2213 1967 dffi
2243 1908 2345 1967 ist·
2388 1907 2472 1973 †⁸⁹
2490 1909 2589 1969 Ihs
2618 1915 2752 1970 aute

2112 2003 2454 2062 conuocatis
2481 2004 2625 2063 disci

2113 2095 2264 2172 pulis
2293 2098 2409 2155 suis
2438 2097 2582 2156 dixit
2600 2129 2616 2144 ·

2114 2189 2402 2250 Misereor
2429 2193 2629 2251 turbae

2112 2285 2250 2360 quia
2276 2284 2392 2343 iam
2419 2284 2610 2344 tridufi

2111 2425 2201 2477 est
2228 2418 2386 2494 quod
2415 2436 2584 2495 perse

2113 2523 2277 2570 uerat
2304 2530 2538 2571 mecum
2558 2544 2572 2560 ·
2615 2524 2675 2573 et

2115 2623 2237 2665 non
2265 2606 2483 2665 habent
2510 2608 2674 2683 quod

2114 2698 2429 2759 mandcare
2453 2731 2467 2747 ·
2511 2711 2569 2760 et
2597 2702 2655 2760 di

2116 2793 2337 2853 mittere
2364 2812 2468 2855 eos
2493 2795 2606 2854 ieiu

2116 2906 2227 2947 nos
2249 2918 2264 2934 ·
2310 2889 2447 2948 nolo
2471 2919 2486 2935 ·
2529 2907 2605 2948 ne
2634 2889 2748 2950 defi

2116 2983 2273 3041 ciant
2299 2983 2361 3041 in
2388 2984 2484 3042 uia
2503 3014 2517 3029 ·
2543 3015 2557 3030 ·
2602 2984 2646 3017 ⁸³
2664 2985 2741 3044 Di

2116 3087 2257 3136 cunt
2283 3087 2476 3136 autem
2504 3078 2557 3136 ei
2588 3078 2679 3138 dis

2117 3170 2292 3248 cipuli
2320 3172 2444 3230 eius
2462 3202 2477 3218 ·
2520 3173 2676 3231 unde

2117 3265 2287 3324 nobis
2313 3266 2375 3324 in
2403 3265 2633 3327 deserto

2115 3377 2302 3436 panes
2331 3369 2523 3419 tantos
2550 3372 2614 3420 ut

2116 3466 2440 3513 saturentur
2468 3465 2558 3514 tur

2116 3548 2228 3607 bae
2257 3559 2450 3608 tantae
2471 3580 2486 3596 ·
2529 3550 2576 3584 ⁸⁴
2591 3561 2650 3610 et
2677 3551 2757 3610 ait

2116 3642 2226 3700 illis
2253 3642 2342 3700 ihs
2371 3642 2528 3718 quod
2555 3663 2635 3720 pa
2662 3667 2672 3677 ·

2117 3755 2222 3795 nes
2252 3736 2475 3795 habetis
2494 3769 2508 3783 ·
2554 3749 2611 3796 at
2637 3738 2715 3797 illi

2117 3830 2384 3888 dixerunt
2413 3839 2633 3907 septem
2657 3864 2673 3879 ·

2117 3934 2175 3983 et
2201 3941 2424 4000 paucos
2451 3925 2661 4000 piscicu

2116 4018 2205 4076 los
2225 4048 2238 4063 ·
2280 4017 2417 4076 ”Et
2444 4020 2742 4098 praecepit

2114 4113 2277 4170 turbe
2305 4110 2608 4173 discumbe

2113 4224 2173 4265 re
2201 4206 2262 4263 in
2292 4215 2501 4265 terram
2520 4237 2535 4253 ·

3484 347 3560 395 21

2861 501 2906 537 ³⁶
2921 503 2996 562 Et
3017 504 3313 581 accipiens
3342 508 3505 582 septe
3592 511 3717 561 1⁸01.
3733 511 3819 562 41.

2861 615 3049 674 panes
3141 609 3200 658 et
3227 598 3377 658 duos

2862 691 3119 767 pisculos
3138 724 3152 738 ·
3196 702 3255 752 et
3281 712 3388 769 gra

2861 785 2971 843 tias
3001 803 3182 862 agens
3209 786 3294 846 fre

2861 879 2944 954 git
2972 888 3029 938 et
3060 878 3220 938 dedit
3248 880 3391 940 disci

2860 971 3014 1047 pulis
3042 973 3160 1031 suis
3228 983 3286 1032 et
3315 973 3405 1032 dis

2862 1066 3037 1141 cipuli
3071 1067 3196 1125 eius
3223 1067 3374 1127 dede

2861 1169 2996 1218 runt
3026 1160 3245 1237 populo
3270 1191 3284 1207 ·

2863 1251 2906 1285 ⁸²
2925 1251 3003 1312 Et
3030 1254 3530 1317 manducauerunt

2863 1364 3072 1407 omnes
3099 1357 3157 1407 et
3185 1357 3380 1408 satura

2865 1440 2908 1499 ti
2938 1451 3072 1499 sunt
3090 1472 3104 1487 ·
3147 1452 3205 1500 et
3231 1442 3348 1502 tule

2866 1541 3003 1592 runt
3029 1534 3190 1610 quod
3221 1536 3379 1595 abun

2867 1626 3026 1686 dauit
3053 1629 3316 1705 fragmen

2864 1732 3060 1780 torum
3131 1733 3358 1799 septem

2865 1826 3093 1892 sportas
3121 1817 3328 1893 plenas
3348 1849 3364 1865 ·

2864 1910 2907 1942 ⁸⁸
2926 1908 3109 1968 Erant
3137 1920 3331 1969 autem
3366 1912 3468 1989 qui

2865 1988 3368 2064 manducauerflnt

2864 2106 3133 2174 quattuor
3161 2098 3320 2157 milia
3345 2099 3406 2159 ui

2863 2210 3059 2251 rorum
3079 2224 3092 2237 ·
3145 2203 3310 2251 extra

2864 2304 3078 2363 pueros
3105 2295 3163 2345 et
3190 2286 3367 2346 mulie

2867 2435 2994 2478 res·
3037 2417 3084 2451 ³⁹
3100 2417 3178 2477 Et
3206 2417 3448 2481 dimissa

2868 2514 3035 2572 turba
3067 2514 3326 2572 ascendit

2868 2609 2928 2665 in
2958 2606 3323 2666 nauiculam·
3367 2617 3426 2668 et

2866 2701 3026 2760 uenit
3052 2701 3111 2759 in
3140 2701 3288 2760 fines
3316 2720 3456 2780 mag

2868 2795 3042 2854 dalan
3063 2826 3077 2842 ·
3108 2800 3144 2858 †
3167 2802 3262 2858 16.
3306 2797 3326 2829 ¹
3344 2808 3402 2857 et
3429 2817 3572 2860 acce

2809 2940 2818 2948 .
2867 2888 3069 2949 dentes
3103 2889 3328 2950 farisaei

2868 2993 2925 3042 et
2954 2984 3230 3045 sadducei
3264 2996 3385 3045 tem

2866 3088 3056 3137 tantes
3084 3097 3303 3156 rogaue

2791 3182 2812 3201 ⁸
2870 3182 3003 3231 runt
3029 3191 3198 3232 eum·
3241 3182 3305 3232 ut
3334 3174 3424 3251 sig

2868 3284 3013 3325 num
3046 3265 3120 3325 de
3149 3268 3314 3326 caelo
3341 3281 3512 3328 osten

2870 3359 3033 3419 deret
3060 3361 3166 3419 illis
3189 3392 3204 3407 ·
3247 3358 3269 3392 ²
3288 3362 3369 3420 At
3398 3362 3489 3421 ille

2869 3455 3234 3531 respondens
3261 3456 3339 3513 ait

2869 3548 3011 3607 illis·
3056 3566 3192 3607 cum
3222 3566 3355 3608 sero

2867 3642 3088 3702 sactum
3117 3642 3283 3701 fuerit
3306 3673 3320 3689 ·

2868 3736 3054 3795 dicitis
3083 3755 3351 3795 serenum

2866 3831 2972 3890 erit
2991 3862 3005 3877 ·
3050 3830 3373 3889 rubicundi!

2865 3935 2953 3984 est
2979 3925 3136 3983 enim
3170 3923 3397 3982 caelum
3416 3955 3432 3971 ·

2866 4018 2961 4076 ’et
2989 4035 3162 4076 mane
3190 4016 3367 4075 hodie
3395 4029 3513 4078 tem

2863 4120 3058 4190 pestas
3081 4142 3097 4157 ·
3138 4111 3385 4171 rubicun

2865 4206 3007 4266 dum
3034 4216 3124 4266 est
3147 4205 3306 4266 enim
3333 4206 3500 4268 caeli!
