4414 4917
617 337 752 390 xvi.
786 337 1055 390 16-xv11.
1079 336 1156 406 9.]

312 517 440 566 1¹01.
463 519 580 567 135,
618 519 690 560 ΘΧ
719 512 861 561 tunc
891 520 1140 578 regnum

618 596 677 655 di
704 598 1133 674 euangelizatur
1157 629 1171 644 ·

615 702 672 749 et
700 709 910 751 omnes
938 692 1077 751 illud
1105 700 1165 751 ui

614 785 834 845 faciunt
859 817 874 832 ·
900 818 914 833 ·
942 819 953 833 ·
985 786 1029 820 ¹⁷
1047 787 1299 848 Facilius

612 890 806 938 autem
838 881 1063 941 caelum
1093 893 1151 942 et

609 983 821 1033 terram
842 977 1051 1053 preteri

608 1086 671 1127 re
698 1088 878 1147 quam
909 1070 981 1130 de
1009 1071 1139 1148 lege

609 1181 791 1222 unum
820 1166 1050 1240 apicem
1077 1184 1146 1224 ca

609 1256 743 1316 dere
765 1289 780 1304 ·
845 1258 888 1291 ¹⁸
912 1258 1124 1319 Omnis
1151 1262 1249 1339 qui

608 1350 836 1411 dimittit
864 1372 1109 1413 uxorem

609 1456 666 1504 et
692 1446 849 1507 ducit
878 1449 1116 1509 alteram

609 1542 948 1601 moechatur
969 1575 983 1590 ·
1047 1545 1126 1605 Et

606 1635 705 1711 qui
733 1636 1032 1697 dimissam
1060 1658 1095 1698 a
1122 1641 1182 1700 ui

604 1746 670 1788 ro
698 1729 859 1789 ducit
887 1733 1135 1794 moecha

681 1850 765 1878 Ψ
786 1835 878 1884 tur
896 1852 979 1878 ω
1011 1875 1015 1879 .

547 1912 576 1947 *
600 1915 642 1949 ¹⁹
665 1917 870 1978 Homo
898 1921 1137 1997 quidam

546 2009 575 2041 *
598 2023 719 2071 erat
746 2013 911 2073 diues
939 2017 1037 2093 qui

545 2102 872 2167 *induebat
900 2127 1090 2187 purpu

594 2219 720 2259 ram
750 2213 808 2261 et
836 2205 1074 2279 byssum

590 2306 648 2354 et
674 2297 1049 2375 aepulabatur

594 2429 827 2490 cottidie
851 2432 1154 2508 splendide
1176 2466 1190 2481 ·

589 2518 791 2582 ”Erat
824 2536 1019 2584 autem
1053 2528 1292 2605 quidam

590 2619 891 2679 mendicus
923 2623 1086 2680 nomi

591 2729 665 2770 ne
692 2712 916 2772 lazarus
944 2717 1042 2793 qui
1071 2717 1126 2775 ia

585 2808 752 2865 cebat
781 2808 858 2867 ad
885 2808 1118 2869 ianuam

585 2899 707 2958 eius
774 2901 1064 2963 ulceribus

585 2993 791 3069 plenus
872 2995 916 3030 ²¹
939 2999 1183 3075 cupiens
1254 3065 1259 3078 δ

584 3090 819 3148 saturari
847 3109 919 3149 ex
949 3091 1039 3152 his

584 3200 737 3260 quae
762 3186 1051 3245 cadebant
1070 3219 1085 3235 ·
1151 3189 1225 3248 de

583 3293 786 3337 mensa
817 3276 1007 3341 diuitis
1031 3313 1046 3329 ·

584 3371 686 3430 sed
715 3383 773 3430 et
801 3392 979 3435 canes
1008 3378 1143 3436 ueni

582 3465 755 3525 ebant
783 3478 840 3526 et
869 3468 1065 3545 lingue

581 3559 719 3618 bant
745 3562 970 3622 ulceras
1000 3566 1124 3624 eius
1149 3597 1163 3612 ·

580 3650 883 3715 ”Factum
914 3670 1000 3716 est
1029 3665 1162 3720 aute

580 3761 643 3810 ut
669 3761 987 3812 moreretur
1014 3754 1071 3813 la

580 3864 743 3904 zarus
772 3847 1074 3907 mendicus
1098 3880 1112 3895 ·

580 3951 638 3998 et
662 3950 987 4017 portaretur
1014 3944 1088 4001 ab

579 4036 799 4112 angelis
826 4035 889 4093 in
917 4036 1078 4096 sinus

575 4129 823 4190 abrahae
844 4161 858 4176 ·
903 4147 1034 4189 mor

575 4233 706 4284 tuus
732 4235 821 4285 est
848 4234 1044 4284 autem

1944 330 2298 391 LUCAN-

1372 514 1430 562 et
1456 504 1619 563 diues
1707 515 1766 563 et
1796 506 1962 581 sepul

1369 607 1461 658 tus
1489 609 1576 658 est
1604 599 1664 658 in
1693 599 1842 658 infer

1368 709 1448 751 no
1468 723 1482 738 ·
1548 689 1591 725 ²³
1607 693 1865 753 Eleuans
1894 712 2010 753 ocu

1366 785 1453 845 los
1483 804 1619 846 suos
1648 806 1781 847 curn
1812 806 1877 847 es

1365 890 1451 939 set
1480 880 1539 938 in
1568 882 1869 941 tormentis
1889 914 1902 928 ·

1365 973 1527 1033 Uidit
1554 976 1832 1035 abraham
1860 995 1896 1036 a

1361 1067 1538 1145 longe
1617 1079 1674 1128 et
1700 1069 1893 1130 lazaru

1363 1162 1425 1219 in
1455 1164 1584 1222 sinu
1614 1164 1739 1223 eius
1767 1166 1927 1242 requi

1360 1267 1656 1315 escentem
1681 1290 1695 1304 ·
1723 1291 1735 1305 ·
1808 1257 1852 1291 ²⁴
1868 1260 1944 1318 Et

1359 1351 1475 1427 ipse
1503 1350 1762 1412 clamans

1359 1444 1503 1505 dixit
1526 1480 1540 1495 ·
1606 1459 1770 1522 pater

1358 1540 1637 1600 abraham
1671 1542 1816 1601 mise

1356 1651 1482 1693 rere
1511 1637 1627 1695 mei
1699 1637 1777 1695 Et
1805 1637 1912 1697 mit

1355 1738 1412 1787 te
1442 1729 1631 1788 lazum
1660 1740 1722 1788 ut
1748 1731 1894 1791 intin

1354 1834 1493 1899 guat
1521 1835 1844 1884 extremum

1353 1916 1517 1993 digiti
1547 1919 1633 1978 sui
1661 1919 1720 1978 in
1751 1926 1903 1997 aqua

1352 2021 1408 2069 et
1437 2012 1731 2090 refrigeret
1760 2014 1840 2072 lin

1345 2124 1522 2182 guam
1551 2126 1744 2167 meam
1768 2140 1783 2154 ·
1848 2109 1983 2186 quia

1346 2202 1572 2260 crucior
1598 2202 1657 2259 in
1687 2201 1838 2261 hanc

1345 2293 1584 2353 flamma
1606 2326 1620 2341 ·
1664 2294 1790 2354 ”Et
1806 2297 1947 2355 dixit
1968 2296 2042 2355 illi

1347 2426 1604 2487 abrahan
1625 2461 1639 2475 ·
1701 2428 1813 2488 fili·
1871 2447 1935 2489 re

1343 2522 1585 2581 cordate
1668 2525 1804 2600 quia
1832 2544 1893 2584 re

1346 2617 1545 2694 cepisti
1576 2619 1735 2677 bona
1763 2619 1823 2677 in
1852 2620 1972 2679 uita

1342 2719 1440 2768 tua
1467 2723 1524 2770 et
1553 2711 1776 2771 lazarus
1809 2713 1856 2772 si

1339 2805 1547 2865 militer
1574 2807 1727 2865 mala
1749 2838 1763 2852 ·
1828 2825 1986 2867 nunc

1338 2910 1531 2958 autem
1561 2900 1656 2960 hic
1686 2919 1872 2961 conso

1334 2991 1480 3052 latur
1560 3005 1620 3052 tu
1649 3013 1793 3054 uero

1338 3089 1610 3148 cruciaris
1628 3120 1641 3135 ·
1707 3087 1841 3147 ²6Et
1871 3090 1932 3148 in

1334 3183 1607 3241 omnibus
1649 3183 1794 3241 inter

1334 3294 1445 3335 nos
1473 3287 1530 3336 et
1558 3295 1665 3336 uos
1694 3277 1873 3337 chaos

1336 3388 1587 3447 magnus
1615 3366 1896 3431 stabilitus

1334 3476 1423 3523 est
1447 3496 1460 3510 ·
1525 3476 1588 3523 ut
1611 3465 1667 3522 hi
1698 3467 1796 3543 qui
1825 3484 1896 3525 ue

1332 3561 1497 3617 niunt
1525 3559 1640 3619 huc
1664 3569 1789 3617 tran

1334 3656 1442 3712 sire
1471 3671 1593 3713 non
1624 3663 1889 3730 possunt·

1331 3766 1522 3826 neque
1544 3748 1680 3807 inde
1710 3748 1825 3807 huc

1329 3852 1683 3902 transmeare
1709 3873 1723 3888 ·

1329 3933 1374 3970 ²²
1390 3937 1554 3995 Dixit
1582 3948 1776 3996 autem
1806 3953 1956 4013 rogo

1327 4050 1471 4108 ergo
1500 4042 1556 4091 te
1585 4040 1748 4108 pater
1774 4039 1838 4090 ut

1327 4126 1523 4186 mittas
1551 4125 1710 4184 illum
1739 4125 1800 4182 in

1328 4220 1509 4280 domo
1539 4219 1717 4298 patris
1745 4217 1860 4277 mei

2173 505 2218 539 ²⁸
2240 504 2453 564 Habeo
2481 507 2639 564 enim
2667 508 2809 585 quin

2174 617 2289 677 que
2318 598 2519 678 fratres
2589 608 2653 658 ut

2173 703 2409 772 testetur
2442 694 2550 754 illis

2172 805 2247 845 ne
2278 797 2336 847 et
2361 788 2473 864 ipsi
2502 788 2740 848 ueniant

2153 882 2232 943 ‚in
2261 881 2455 941 locum
2483 883 2639 942 hunc

2169 982 2592 1035 tormentorum

2170 1066 2217 1102 ²⁹
2233 1068 2309 1127 Et
2327 1070 2404 1129 ait
2432 1070 2509 1129 illi
2532 1071 2812 1131 abraham
2835 1104 2849 1119 ·

2168 1162 2387 1224 habent
2415 1184 2679 1241 moysem

2166 1267 2224 1315 et
2253 1258 2507 1335 profetas
2528 1291 2541 1305 ·
2606 1279 2681 1319 au

2167 1351 2327 1411 diant
2357 1353 2485 1413 illos
2510 1385 2524 1400 ·
2587 1353 2632 1387 ⁸⁰
2649 1365 2706 1414 at

2165 1444 2258 1504 ille
2288 1445 2429 1505 dixit
2453 1479 2467 1493 ·
2532 1467 2656 1508 non
2686 1480 2700 1495 ·

2164 1549 2328 1615 pater
2355 1542 2630 1601 abraham

2163 1634 2268 1693 sed
2297 1635 2345 1694 si
2374 1637 2497 1713 qui⁸
2526 1655 2599 1696 ex
2629 1656 2758 1698 mor

2159 1728 2273 1787 tuis
2301 1748 2597 1790 resurrexe

2157 1823 2229 1881 rit
2258 1825 2631 1899 persuadebit

2157 1916 2298 1977 illis·
2358 1917 2400 1948 ³¹
2418 1919 2496 1976 ait
2523 1929 2718 1979 autern

2153 2010 2233 2069 illi
2257 2041 2271 2056 ·
2320 2012 2366 2069 si
2397 2030 2663 2089 moysem
2692 2024 2750 2073 et

2151 2105 2408 2181 profetas
2437 2125 2559 2165 non
2590 2126 2665 2166 au

2148 2199 2315 2259 diunt
2398 2218 2588 2279 neque
2621 2202 2670 2261 si

2146 2294 2277 2370 quis
2305 2312 2379 2353 ex
2408 2296 2648 2356 mortuis
2672 2328 2685 2343 ·

2146 2425 2222 2485 ad
2252 2425 2379 2486 illos
2409 2427 2613 2487 abierit

2146 2520 2384 2581 credent
2404 2553 2417 2567 ·
2439 2553 2453 2568 ·
2475 2554 2489 2568 ·
2521 2528 2615 2583 1¹7.
2645 2522 2665 2555 ¹
2684 2523 2849 2584 Dixit

2144 2626 2343 2673 autem
2372 2614 2447 2675 ad
2476 2616 2702 2694 discipu

2144 2707 2236 2768 los
2265 2726 2402 2768 suos
2460 2711 2683 2787 inpossi

2143 2802 2259 2861 bile
2287 2811 2375 2862 est
2447 2815 2510 2862 ut
2540 2823 2664 2863 non
2691 2824 2765 2865 ue

2144 2898 2266 2956 niat
2296 2899 2576 2958 scandala

2140 3004 2544 3053 uerumtamen
2571 3012 2682 3055 uae

2139 3085 2220 3143 illi
2249 3104 2351 3162 per
2378 3107 2556 3165 quem
2584 3089 2721 3148 ueni

2140 3190 2232 3239 et·
2296 3179 2524 3240 2utilius
2553 3189 2685 3243 aute

2138 3284 2227 3333 est
2254 3275 2331 3333 illi
2360 3291 2435 3335 ne
2464 3294 2706 3337 nascere

2139 3377 2231 3426 tur
2255 3401 2268 3415 ·
2330 3381 2431 3429 aut
2459 3371 2606 3448 lapis
2634 3391 2737 3433 mo

2138 3463 2271 3521 laris
2301 3464 2616 3540 inponatur

2137 3557 2293 3617 circa
2322 3558 2535 3616 collum
2565 3559 2714 3621 illius

2135 3662 2193 3709 et
2223 3652 2531 3727 proiciatur
2560 3653 2620 3710 in

2133 3763 2294 3804 mare
2381 3765 2557 3823 quam
2579 3757 2642 3806 ut

2133 3840 2482 3899 scandalizet
2508 3847 2631 3900 unu

2133 3935 2204 3992 de
2235 3934 2454 4011 pusillis
2483 3936 2604 3993 istis
2625 3973 2667 3983 —

2131 4027 2153 4060 ⁸
2171 4027 2486 4088 Adtendite
2514 4030 2684 4088 uobis

2133 4123 2183 4183 si
2213 4135 2409 4182 autem
2435 4141 2692 4199 peccaue

2133 4218 2205 4277 rit
2231 4219 2293 4277 in
2322 4228 2379 4278 te
2409 4218 2582 4278 frater
2610 4229 2745 4280 tuus

3553 357 3633 421 99

2930 508 3171 586 increpa
3198 510 3404 570 illum·
3462 525 3520 574 et

2928 604 2977 661 si
3004 605 3383 680 penitentiam
3411 608 3488 667 ha

2927 697 3116 756 buerit
3177 698 3400 759 dimitte
3429 701 3466 760 il

2925 790 3004 847 li·
3071 792 3168 851 ‘et
3197 794 3246 851 si
3276 796 3492 871 septies
3519 797 3580 856 in
3639 824 3652 835 ·

2924 883 3019 944 die
3047 890 3376 962 peccauerit
3404 890 3464 948 in

2924 988 2980 1037 te
3064 990 3120 1039 et
3149 983 3403 1057 septiens
3433 1003 3550 1043 con

2922 1089 3124 1131 uersus
3153 1074 3320 1134 fuerit
3347 1078 3423 1136 ad

2921 1174 2977 1223 te
3061 1167 3259 1229 dicens
3289 1173 3506 1246 penitet

2919 1277 3017 1318 me
3101 1261 3317 1322 dimitte
3347 1265 3425 1323 illi
3447 1297 3462 1311 ·

2917 1351 2940 1384 ⁸
2957 1352 3034 1412 Et
3061 1355 3328 1416 dixerunt
3357 1358 3433 1418 illi
3464 1379 3500 1420 a

2917 1449 3131 1523 postoli
3157 1481 3170 1495 ·
3235 1451 3350 1511 dfie
3380 1453 3456 1511 ad

2918 1559 3067 1619 auge
3097 1545 3269 1604 nobis
3297 1546 3474 1605 fidem
3499 1579 3513 1594 ·

2916 1634 3030 1695 ‘Et
3060 1637 3201 1697 dixit
3236 1639 3342 1699 illis
3434 1643 3483 1701 si
3512 1643 3591 1704 ha

2912 1730 3147 1790 bueritis
3176 1732 3352 1792 fidem

2910 1824 3058 1882 sicut
3086 1844 3334 1902 granum
3361 1830 3411 1888 si

2909 1919 3080 1995 napis
3148 1920 3416 1984 diceretis

2910 2009 3042 2072 huic
3071 2015 3260 2074 arbori
3289 2034 3391 2076 mo

2907 2123 2973 2165 ro
3044 2108 3336 2169 eradicare

2906 2209 2962 2258 et
2991 2203 3412 2279 transplantare

2900 2293 2961 2351 in
2988 2313 3147 2354 mare
3229 2299 3425 2377 utique

2901 2426 3235 2489 obaudisset
3261 2433 3432 2493 uobis
3453 2466 3466 2480 ·

2900 2520 2922 2552 ⁷
2940 2521 3089 2594 Quis
3118 2535 3312 2584 autern
3342 2537 3538 2589 uestri]

2898 2613 3121 2675 habens
3153 2636 3387 2679 seruum

2900 2719 3161 2769 arantem
3183 2744 3195 2757 ·
3248 2723 3349 2772 aut
3376 2733 3523 2776 oues

2898 2815 3238 2879 pascentem
3306 2809 3401 2868 cui

2898 2899 3244 2974 regredienti
3275 2902 3348 2960 de
3378 2922 3415 2963 a

2897 3010 3006 3068 gro
3077 2993 3231 3054 dicet
3259 2996 3336 3054 illi
3366 3000 3550 3060 transi

2895 3089 3171 3146 recumbe
3197 3120 3211 3135 ·
3281 3090 3302 3122 ⁸
3327 3090 3444 3151 Sed

2895 3178 3048 3238 dicet
3076 3181 3155 3239 illi
3182 3201 3325 3259 para
3351 3185 3491 3244 mihi

2895 3275 3057 3350 quod
3088 3294 3331 3336 caenem
3355 3310 3369 3325 ·
3439 3280 3520 3340 Et

2894 3369 3171 3444 precinge
3200 3380 3253 3428 te
3283 3382 3340 3430 et
3369 3374 3450 3430 mi

2896 3461 3071 3519 nistra
3102 3463 3239 3520 mihi
3273 3464 3465 3526 donec

2894 3554 3248 3614 manducem
3278 3568 3335 3616 et
3364 3561 3425 3618 bi

2891 3649 3030 3706 bam
3099 3660 3155 3709 et
3182 3664 3316 3727 post
3345 3653 3491 3715 haec

2890 3750 2950 3798 tu
2978 3744 3358 3806 manducabis

2889 3846 2947 3895 et
2976 3837 3139 3897 bibes
3186 3841 3512 3921 ⁹numquid

2887 3931 3130 4007 gratiam
3159 3933 3335 3996 habet

2887 4040 3091 4085 seruus
3119 4029 3279 4104 quod
3306 4030 3361 4092 fe

2886 4119 2964 4177 cit
2996 4138 3146 4198 quae
3173 4123 3280 4182 sibi
3308 4127 3466 4204 impe

2884 4223 3006 4273 rata
3028 4226 3163 4275 sunt
3181 4249 3196 4264 ·
3246 4238 3369 4280 non
3390 4235 3538 4298 puto

3197 4371 3297 4413 02

3656 528 3778 577 nol.
3802 531 3926 580 136.
