4414 4917
642 337 761 386 x11.
784 337 1041 399 3s-xm.
1066 334 1145 400 3.]

1927 329 2154 395 1οΗΑ
2167 322 2379 398 NNE'
2388 371 2402 387 ·

2204 515 2328 566 tum
2356 517 2444 566 est
2464 539 2478 555 ·
2541 508 2585 542 ⁸⁹
2603 518 2836 586 propter

2204 618 2276 660 ea
2304 619 2424 661 non
2453 611 2724 680 poterant

2202 695 2435 756 credere
2459 727 2474 743 ·
2534 703 2677 774 qt‘rm
2705 697 2779 756 ite

2200 807 2331 849 rum
2361 790 2505 850 dixit
2530 792 2717 852 esaias
2737 824 2750 838 ·

2202 884 2608 956 ⁴⁰,Excecauit
2637 886 2840 947 oculos
2870 905 2902 946 e

2202 1024 2217 1049 ,
2241 997 2411 1038 orum
2431 1011 2445 1027 ·
2510 991 2567 1040 et
2595 981 2803 1041 indura

2202 1117 2218 1145 ,
2239 1074 2325 1132 uit
2353 1092 2457 1134 cor
2483 1092 2688 1135 eorum
2708 1106 2723 1122 ·
2781 1085 2845 1135 ut

2201 1211 2219 1239 ,
2239 1185 2365 1227 non
2391 1169 2629 1229 uideant
2656 1169 2841 1229 oculis
2864 1201 2878 1217 ·

2199 1303 2217 1333 ‚
2240 1272 2299 1321 et
2327 1263 2505 1323 corde
2534 1263 2862 1342 intellegunt
2886 1296 2899 1311 ·

2199 1392 2220 1428 ,-
2238 1366 2295 1415 et
2322 1366 2738 1417 conuertantur

2197 1495 2212 1521 ,
2237 1461 2296 1510 et
2322 1469 2527 1512 sanem
2555 1452 2685 1513 illos
2703 1486 2736 1517 ·.

2195 1543 2239 1578 ⁴¹
2259 1545 2428 1606 Haec
2457 1546 2602 1606 dixit
2628 1549 2815 1610 esaias
2836 1582 2849 1595 ·

2194 1641 2433 1719 quando
2460 1641 2606 1701 uidit
2637 1642 2738 1720 glo

2192 1736 2340 1794 riam
2367 1735 2493 1796 eius
2515 1766 2530 1783 ·
2595 1746 2653 1795 et
2682 1736 2816 1797 locu

2193 1839 2286 1889 tus
2306 1840 2396 1889 est
2417 1830 2489 1890 de
2508 1829 2609 1890 illo
2631 1862 2645 1876 ·
2669 1863 2682 1877 ·
2744 1832 2788 1866 ⁴²
2805 1830 2897 1890 Ue

2193 1942 2321 1983 rum
2352 1935 2548 1984 tamen
2576 1935 2633 1984 et
2661 1924 2733 1983 de

2192 2019 2550 2095 principibus
2578 2019 2700 2077 mul

2193 2113 2233 2174 ti
2262 2112 2629 2173 crediderunt
2657 2113 2717 2172 in

2189 2226 2326 2267 eum
2346 2237 2361 2254 ·
2424 2206 2541 2268 Sed
2570 2216 2807 2284 propter

2188 2301 2395 2362 iudeos
2422 2318 2547 2360 non
2575 2302 2790 2362 confite

2189 2434 2399 2494 bantur
2422 2466 2436 2482 ·
2490 2453 2563 2495 ne
2599 2435 2673 2495 de
2703 2454 2769 2513 sy

2187 2546 2425 2607 nagoga
2453 2529 2789 2608 expelleren

2187 2631 2312 2680 tur·
2376 2623 2420 2656 ⁴⁸
2436 2623 2801 2683 Amauerunt

2182 2717 2342 2776 enim
2371 2717 2657 2778 honorem

2182 2811 2490 2871 hominum
2511 2844 2524 2859 ·
2585 2813 2773 2890 magis

2182 2925 2362 2984 quam
2392 2907 2683 2967 honorem
2707 2908 2768 2968 di
2788 2939 2801 2953 ·

2180 3003 2224 3034 ⁴⁴
2243 3001 2343 3059 Ihs
2371 3012 2568 3060 autem
2590 3001 2882 3061 clamabat
2906 3000 2935 3031 ’⁴‘

2906 3094 3104 3157 *uenit
3128 3096 3274 3157 hora
3305 3098 3454 3157 illius

2179 3106 2237 3155 et
2266 3096 2496 3156 dicebat
2515 3127 2529 3143 ·
2590 3097 2687 3174 qui
2716 3115 2811 3155 cre

3589 342 3672 407 61

2959 508 3100 569 Non
3131 510 3288 570 enim
3317 512 3452 572 ueni
3481 514 3540 573 iu

2956 604 3149 664 dicare
3177 607 3464 667 mundum

2955 699 3057 758 sed
3085 710 3148 759 ut
3176 701 3429 761 saluetur

2955 793 3242 853 mundus·
3303 795 3348 829 ⁴⁸
3364 798 3467 874 qui

2956 888 3177 963 spernit
3204 907 3300 948 me

2955 992 3011 1040 et
3040 1000 3164 1040 non
3193 984 3405 1061 ac'cipit
3432 1003 3533 1044 uer

2955 1075 3030 1133 ba
3059 1094 3193 1136 mea
3261 1076 3437 1138 habet
3465 1081 3524 1138 iu

2954 1167 3247 1230 dicantem
3275 1171 3348 1231 de
3378 1190 3441 1232 se
3465 1204 3479 1220 ·

2953 1261 3218 1323 Uerbum
3247 1267 3407 1344 quod
3436 1267 3571 1328 locu

2953 1368 3046 1418 tus
3075 1376 3205 1417 sum
3235 1361 3408 1437 ipsud
3436 1362 3496 1421 iu

2956 1452 3174 1513 dicabit
3200 1453 3273 1514 de
3301 1454 3400 1515 illo
3427 1456 3487 1515 in
3517 1475 3598 1517 no

2953 1547 3193 1608 uissima
3223 1549 3317 1609 die
3341 1581 3356 1597 ·
3421 1552 3466 1585 ⁴⁹
3483 1542 3626 1629 qfim

2952 1658 3068 1718 ego
3097 1660 3221 1702 non
3248 1662 3321 1702 ex
3351 1663 3446 1704 me
3474 1646 3605 1722 ipso

2951 1735 3181 1796 locutus
3210 1754 3340 1796 sum
3365 1769 3379 1785 ·
3455 1738 3570 1799 Sed

2950 1830 3051 1907 qui
3079 1848 3175 1889 me
3204 1831 3361 1890 misit
3388 1842 3544 1909 pater

2951 1924 3073 2000 ipse
3102 1923 3245 1982 mihi
3273 1926 3490 1987 manda

2949 2028 3072 2076 tum
3101 2018 3261 2078 dedit
3348 2020 3490 2097 quid

2949 2112 3140 2172 dicam
3169 2123 3226 2172 et
3254 2114 3396 2192 quid
3422 2115 3482 2174 lo

2948 2223 3094 2283 quar
3115 2239 3128 2253 ·
3180 2206 3321 2267 ”Et
3351 2209 3474 2269 scio
3505 2216 3648 2287 qiim

2946 2302 3287 2362 mandatum
3315 2303 3441 2363 eius

2945 2434 3066 2494 uita
3092 2443 3331 2496 aeterna
3360 2446 3450 2497 est
3468 2469 3481 2483 ·

2945 2547 3096 2606 quae
3114 2548 3257 2607 ergo
3278 2548 3391 2607 ego
3412 2531 3612 2610 loquor
3633 2563 3646 2578 ·

2944 2624 3092 2683 sicut
3119 2625 3264 2684 dixit
3296 2625 3440 2683 mihi
3467 2644 3546 2703 pa

2945 2729 3031 2777 ter
3060 2718 3143 2778 sic
3171 2718 3381 2796 loquor
3398 2752 3482 2763 —

2907 2811 3031 2872 ¹⁸13.
3061 2811 3239 2873 ¹Ante
3267 2813 3423 2872 diem
3449 2824 3646 2875 autem

2945 2907 3290 2967 sollemnem
3320 2928 3533 2986 pasce·

2942 3002 3132 3062 sciens
3161 3002 3250 3061 ihs
3278 3003 3440 3080 quod

2181 3192 2265 3252 dit
2285 3191 2345 3249 in
2373 3208 2469 3250 me
2490 3222 2503 3237 ·
2562 3209 2685 3251 non
2707 3192 2767 3249 in
2791 3209 2886 3251 me
2936 3201 2999 3250 ut
3028 3192 3297 3251 transiret
3326 3192 3400 3251 de
3429 3193 3480 3252 is

2181 3285 2364 3345 credit
2392 3285 2495 3345 sed
2524 3286 2583 3343 in
2613 3303 2747 3345 eum

2936 3294 2997 3344 to
3027 3286 3253 3347 mundo
3279 3286 3356 3345 ad
3383 3293 3547 3364 patre
3572 3320 3585 3335 ·

2183 3379 2283 3457 qui
2303 3397 2397 3438 me
2414 3380 2570 3438 misit
2591 3412 2604 3426 ·
2635 3379 2767 3437 46Εῐ
2789 3381 2885 3458 qui
2936 3379 3202 3456 Diligens
3232 3397 3370 3440 suos
3400 3381 3499 3457 qui
3528 3383 3586 3439 in

2182 3492 2278 3532 me
2306 3474 2449 3533 uidit
2530 3474 2676 3532 uidit
2703 3490 2840 3531 eum
2935 3473 3051 3534 hoc
3080 3474 3305 3532 mundo
3333 3484 3498 3533 erant
3522 3507 3535 3521 ·

2183 3569 2284 3645 qui
2306 3587 2402 3627 me
2420 3568 2612 3627 misit·
2635 3600 2647 3613 ·
2670 3600 2682 3613 ·
2708 3566 2886 3643 ⁴“Ego
2933 3585 3120 3643 usque
3148 3568 3207 3624 in
3237 3567 3415 3626 finem
3444 3567 3503 3626 di

2180 3663 2279 3721 lux
2310 3662 2369 3721 in
2398 3662 2680 3722 mundum
2712 3662 2883 3721 ueni·
2935 3660 3074 3720 lexit
3104 3660 3232 3721 illos
3256 3692 3271 3707 ·
3342 3657 3459 3720 'Et
3493 3651 3660 3722 cena¹

2933 3753 3088 3814 sacta
3116 3773 3252 3813 cum
3281 3755 3546 3815 diabolus

2934 3848 3053 3907 iam
3082 3848 3318 3908 msisset
3345 3848 3407 3906 in
3438 3868 3544 3910 cor

2179 3766 2245 3815 ut
2273 3756 2466 3816 omnis
2494 3756 2594 3832 qui
2623 3755 2802 3814 credit

2180 3852 2241 3909 in
2270 3869 2364 3909 me
2395 3851 2454 3907 in
2481 3849 2733 3908 tenebris

2178 3962 2303 4004 non
2332 3952 2565 4002 maneat
2584 3973 2599 3989 ·
2666 3942 2711 3975 ⁴⁷
2727 3942 2804 4001 Et
2832 3943 2880 4002 si
2931 3941 3006 4001 de
3034 3941 3202 4001 iudae
3230 3942 3472 4003 simonis

2175 4038 2306 4116 quis
2333 4036 2572 4116 audierit
2599 4037 2778 4096 uerba

2175 4150 2309 4191 mea
2336 4141 2394 4214 et
2423 4148 2544 4188 non
2574 4129 2807 4189 credide

2930 4035 3218 4095 scariothe
3247 4045 3312 4093 ut
3340 4054 3477 4095 eum

2928 4129 3175 4189 traderet
3196 4161 3209 4176 ·
3270 4130 3291 4162 ⁸
3312 4129 3517 4190 Sciens

2174 4227 2272 4285 rit·
2295 4242 2410 4303 ego
2429 4241 2552 4283 non
2570 4222 2876 4283 iudicoillfi
2929 4223 3019 4283 ihs
3047 4223 3182 4300 quia
3210 4224 3411 4284 omnia
3440 4224 3600 4284 dedit

3683 521 3807 571 Pol.
3830 522 3955 570 282.
