4414 4917
567 520 694 569 rol.
717 521 772 569 ο.
823 512 1045 572 electus
1064 542 1078 558 ·
1105 542 1119 558 ·
1147 542 1161 558 ·

823 355 851 399 1
870 354 947 399 10
2185 335 2425 398 SECD
2447 367 2462 383 ·

1205 511 1251 545 ⁸⁸
1269 510 1404 571 delu
1579 512 1637 570 in
1666 511 1940 570 uniuersa
1972 520 2124 570 terra
2148 544 2161 557 ·

823 605 1040 665 debant
1065 615 1261 664 autem
1291 612 1365 665 εὖ
1579 623 1763 682 usque
1792 606 1853 664 in
1883 623 2104 664 nonam

818 708 878 760 et
905 700 1112 759 milites
1137 732 1150 747 ·
1221 699 1298 758 Et
1327 718 1363 758 a
1579 699 1786 757 horam
1812 730 1826 745 ·
1870 700 1914 731 ⁴⁶
1931 698 2010 757 Et
2038 699 2225 758 obscu

821 803 1019 853 cetum
1054 794 1175 853 offe
1578 803 1735 851 ratus
1764 804 1851 852 est
1882 794 1970 852 sol
1993 825 2006 839 ·
2067 803 2125 852 et
2152 812 2225 853 ue

1578 887 1702 945 lum
1738 887 1943 964 templi
1975 888 2161 946 seisst‘i

1577 991 1663 1039 est
1692 980 1951 1039 medium
1977 1012 1990 1027 ·
2034 982 2079 1014 ⁴⁶
2097 981 2176 1039 Et

1578 1074 1840 1133 clamans
1871 1094 2019 1134 uoce
2049 1084 2183 1152 mag

1578 1186 1655 1226 na
1683 1168 1771 1227 ihs
1842 1169 1986 1227 dixit
2057 1188 2135 1245 pa

1577 1270 1662 1320 ter
1690 1262 1749 1320 in
1779 1280 1999 1322 manus
2026 1272 2156 1323 tuas

1574 1356 1933 1416 commendo
1964 1362 2097 1433 siim

1575 1467 1773 1508 meum
1795 1482 1808 1496 ·
1870 1450 1948 1508 Et
1977 1450 2092 1510 hoc
2123 1452 2180 1511 di

820 889 1028 946 rebant
1058 888 1133 947 illi

820 980 865 1014 ⁸⁷
885 982 1147 1041 dicentes
1210 980 1270 1040 Si
1299 991 1361 1041 tu

818 1093 883 1133 es
912 1093 1015 1134 rex
1050 1076 1298 1135 iudeort‘i

819 1168 1000 1229 libera
1027 1180 1082 1228 te
1112 1170 1305 1245 ipsum

818 1262 863 1295 ⁸⁸
880 1262 957 1321 Et
985 1274 1108 1322 erat
1137 1261 1464 1341 superscrfp

820 1357 901 1415 tio
931 1357 1210 1434 inscripta
1238 1375 1307 1416 su

818 1469 926 1528 per
953 1450 1115 1509 illum
1145 1482 1158 1498 ·
1221 1451 1339 1511 litte

819 1544 897 1602 ris
931 1544 1117 1621 grecis
1142 1577 1154 1591 ·
1222 1555 1280 1604 et
1308 1545 1407 1604 lati

820 1639 913 1697 nis
932 1670 947 1683 ·
1011 1647 1071 1696 et
1100 1638 1386 1698 hebreicis

820 1731 914 1791 hic
944 1742 1035 1791 est
1062 1750 1164 1790 rex
1195 1733 1370 1792 iudeo

817 1843 948 1884 rum
972 1857 986 1871 ·
1030 1824 1075 1858 ⁸⁹
1097 1824 1268 1884 Unus
1297 1827 1374 1885 eti

817 1937 916 1978 am
947 1919 1296 1996 dependenti

819 2015 929 2071 bus
958 2013 1277 2073 latronibus

819 2107 1204 2167 blasfemabat

817 2219 954 2260 eum
985 2201 1185 2260 dicens
1216 2233 1230 2247 ·
1298 2201 1358 2261 Si

818 2291 879 2342 tu
909 2301 973 2342 es
1006 2288 1117 2358 xps
1141 2315 1155 2330 ·
1217 2284 1378 2343 salua

819 2378 1186 2454 temetipsum

1575 1538 1713 1601 cens
1743 1544 1931 1603 emisit
1965 1550 2096 1620 siim
2118 1576 2132 1591 ·

1573 1635 1617 1669 ⁴⁷
1636 1636 1860 1696 Uidens
1895 1650 2091 1696 autem
2120 1658 2231 1698 cen

1573 1730 1721 1789 turio
1750 1731 1912 1807 quod
1943 1732 2016 1790 fie

1572 1824 1673 1882 bat
1703 1826 2016 1901 magnifica

1574 1920 1671 1976 bat
1701 1918 1801 1977 dfii
1830 1918 2031 1978 dicens

1572 2029 1706 2069 uere
1730 2011 1820 2070 bic
1850 2012 2030 2073 homo

1573 2106 1754 2165 iustus
1783 2117 1905 2165 erat
1929 2139 1943 2154 ·

1572 2199 1616 2232 ⁴⁸
1634 2198 1709 2259 Et
1738 2203 1931 2260 omnis
1960 2203 2128 2261 turba

1575 2294 1672 2371 qui
1704 2294 1872 2351 simul
1901 2295 2144 2355 aderant

1575 2387 1649 2445 ad
1684 2389 2081 2465 spectaculum

1575 2520 1727 2579 istud
1745 2553 1759 2566 ·
1821 2521 2100 2582 uidenten

1574 2625 1658 2674 tes
1686 2634 1836 2691 quae
1868 2616 2084 2675 fiebant

1573 2711 1957 2786 percutientes
1995 2729 2104 2787 pec

1573 2813 1699 2861 tora
1730 2821 1833 2861 sua
1862 2822 2026 2862 reuer

1573 2897 1838 2955 tebantur
1858 2928 1871 2942 ·
1916 2897 1959 2929 ⁴⁹
1980 2896 2081 2956 Sta

1571 2990 1713 3047 bant
1742 3000 1936 3047 autem
1966 3010 2171 3050 omnes

1571 3084 1693 3141 noti
1722 3082 1843 3141 eius
1871 3103 1906 3142 a
1938 3084 2113 3162 longe
2143 3087 2201 3144 ui

1570 3175 1774 3234 dentes
1844 3177 1919 3236 Et
1950 3180 2125 3239 mulie

1569 3288 1660 3328 res
1689 3289 1840 3347 quae
1869 3283 2063 3332 secute

1567 3374 1731 3422 erant
1761 3364 1917 3422 illum
1951 3384 1986 3424 a
2014 3367 2128 3441 gali

1566 3457 1658 3516 lea
1685 3457 1830 3517 haee
1857 3460 2119 3519 uidentes

819 2519 878 2568 et
905 2528 1015 2569 nos
1039 2541 1053 2557 ·
1079 2542 1093 2557 ·
1113 2542 1128 2557 ·
1175 2511 1219 2544 ⁴⁰
1236 2529 1453 2589 respon

818 2603 964 2663 dens
992 2615 1185 2664 autem
1215 2605 1356 2664 alter

819 2697 1154 2776 increpabat
1182 2718 1317 2758 eum

818 2792 1019 2851 dicens
1039 2823 1052 2839 ·
1121 2811 1229 2851 nec
1260 2794 1428 2853 times

817 2884 919 2942 ἀῶ
948 2894 1010 2943 tu
1038 2885 1200 2961 quod
1228 2887 1287 2944 in
1317 2906 1387 2945 ea

817 2978 954 3036 dem
978 2978 1353 3039 damnatione

817 3089 881 3131 es
901 3103 915 3118 ·
959 3071 1001 3104 ⁴¹
1019 3072 1097 3131 Et
1127 3091 1236 3132 nos
1265 3074 1499 3150 quidem

815 3166 963 3224 iuste
983 3197 997 3211 ·
1060 3164 1217 3225 Nam
1247 3169 1346 3245 dig

814 3278 893 3318 na
922 3258 1085 3318 factis
1113 3261 1289 3339 recipi

813 3371 945 3411 mus
969 3385 983 3400 ·
1047 3353 1163 3413 Hic
1193 3373 1331 3416 uero

815 3448 953 3506 nihil
985 3449 1135 3506 male
1158 3451 1334 3526 gessit

814 3539 858 3574 ⁰
874 3541 952 3600 Et
978 3542 1207 3602 dicebat
1235 3544 1309 3602 ad
1337 3545 1456 3604 ihm

812 3653 1041 3695 memor
1068 3647 1193 3696 esto
1221 3640 1336 3697 mei

815 3729 933 3789 dr‘ie
957 3761 971 3776 ·
1030 3732 1269 3808 quando
1296 3751 1372 3793 ue

819 3824 944 3882 nies
972 3824 1031 3882 in
1062 3844 1246 3901 regno
1277 3835 1376 3887 tuo
1396 3859 1409 3874 ·

815 3917 941 3975 ⁴³Et
963 3918 1101 3976 dixit
1117 3921 1169 3977 ei
1188 3919 1309 3978 ihs·
1339 3940 1514 3981 amen
1568 3938 1939 3987 consenserat
1972 3948 2087 3989 con

814 4011 948 4071 dico
978 4013 1080 4071 tibi
1142 4013 1315 4073 hodie
1569 4021 1694 4080 silio
1723 4031 1779 4080 et
1808 4025 2035 4082 actibus
2065 4042 2138 4083 eo

814 4112 988 4164 meeii
1019 4107 1128 4165 eris
1155 4108 1213 4165 in
1567 4132 1696 4172 rum
1721 4146 1735 4160 ·
1801 4118 1877 4175 ab
1905 4117 2206 4179 arimathia

813 4199 1051 4276 padisso
1071 4231 1085 4247 ·
1128 4201 1173 4235 ⁴⁴
1189 4202 1266 4260 Et
1293 4214 1413 4263 erat
1567 4208 1796 4267 ciuitate
1826 4210 2027 4269 iudeae
2050 4243 2109 4259 ·-

818 4291 936 4350 fere
965 4292 1109 4352 hora
1136 4307 1299 4355 sexta
1566 4302 1665 4377 qui
1695 4304 1867 4361 etiam
1897 4323 2109 4382 exspec

817 4395 874 4443 et
893 4387 1162 4446 tenebrae
1181 4388 1365 4450 factae
1384 4402 1516 4451 sunt
1566 4395 1727 4454 tabat
1755 4415 1995 4473 regnum
2025 4399 2083 4458 di

1567 3644 1772 3721 ioseph
1796 3678 1808 3691 ·
1883 3648 1980 3724 qui
2008 3659 2132 3707 erat

1569 3738 1803 3799 decurio
1832 3741 2022 3800 bonus

1568 3551 1613 3584 ⁸⁰
1631 3549 1707 3610 Et
1729 3570 1868 3611 ecce
1897 3554 1983 3611 uir
2012 3556 2250 3615 nomine

1567 3843 1626 3892 et
1653 3834 1836 3893 iustus
1856 3866 1870 3880 ·
1914 3834 1955 3868 ⁸¹
1977 3836 2095 3895 Hic
2127 3856 2247 3898 non

2275 4433 2276 4438 1
2333 4414 2420 4464 est
2448 4405 2586 4464 dum
2616 4419 2812 4468 mente

2361 511 2405 544 ⁸²
2426 509 2545 569 Hic
2574 510 2819 570 accessit
2847 509 2922 570 ad
2950 511 3011 589 pi
3118 521 3488 571 consternate
3515 521 3653 571 sunt

2364 603 2546 663 latum
2574 615 2631 663 et
2660 605 2804 681 petit
3116 604 3191 664 de
3218 606 3329 665 isto
3350 637 3363 652 ·
3423 605 3500 665 Et
3528 624 3670 666 ecce

2358 716 2568 775 corpus
2597 698 2696 757 ihu
2720 730 2735 745 ·
2779 696 2822 730 ⁸⁸
2844 698 2920 758 Et
2949 698 3022 757 de
3115 699 3235 758 duo
3264 700 3366 758 uiri
3395 709 3675 760 steterunt

2359 793 2612 869 positum
2641 792 2799 851 illurn
3112 810 3281 852 secus
3310 793 3434 853 illas
3462 795 3523 852 in
3551 812 3655 853 ues

2359 886 2604 945 inuoluit
2632 887 2693 945 in
2723 886 2892 945 sindo
3109 896 3166 946 te
3196 886 3438 963 fulgenti
3460 919 3474 934 ·
3534 889 3555 919 ⁵
3574 887 3731 948 Cum

2361 997 2496 1039 nem
2528 990 2584 1039 et
2612 981 2804 1057 posuit
2831 986 2906 1040 eii
3111 980 3376 1040 timerent
3406 992 3601 1041 autem
3626 1014 3641 1029 ·

2355 1074 2415 1131 in
2446 1084 2834 1133 monumento
3109 1084 3165 1133 et
3194 1074 3547 1135 declinarent

2356 1168 2556 1227 exciso
2615 1169 2675 1226 in
2703 1186 2822 1245 quo
2852 1186 2971 1227 non
3105 1168 3334 1227 uultum
3365 1169 3425 1228 in
3452 1176 3604 1229 terra

2353 1261 2493 1320 dum
2523 1263 2831 1339 quisquam
3105 1261 3389 1321 Dixerunt
3415 1264 3492 1322 ad
3518 1264 3643 1323 illas

2353 1356 2576 1431 positus
2605 1368 2724 1415 erat
2748 1387 2762 1402 ·
3102 1356 3242 1432 quid
3270 1358 3505 1434 queritis

2351 1448 2396 1481 ⁸⁴
2413 1460 2470 1507 et
2498 1449 2623 1507 dies
2651 1459 2774 1509 erat
2802 1467 2981 1510 cenae
3100 1450 3394 1509 uiuentem
3422 1468 3558 1510 cum

2354 1561 2533 1619 purae
2592 1552 2650 1602 et
2678 1544 2860 1603 sabba
3103 1544 3350 1602 mortuis
3412 1544 3434 1577 ⁸
3451 1562 3573 1603 non
3601 1555 3691 1605 est

2350 1646 2472 1695 tum
2502 1637 2892 1698 inlucescebat
3099 1634 3194 1695 hic
3259 1637 3363 1696 sed
3393 1640 3636 1697 surrexit
3659 1670 3673 1686 ·

2349 1730 2392 1762 ⁶⁶
2413 1730 2765 1791 Subsecutae
2794 1737 2927 1791 aute
3098 1728 3596 1791 Rememoramini

2348 1823 2460 1883 due
2487 1826 2754 1885 mulieres
3098 1824 3339 1900 qualiter
3368 1825 3595 1884 locutus

2348 1937 2498 1995 quae
2529 1938 2663 1978 cum
2693 1921 2820 1997 ipso
2849 1939 2922 1980 ue
3097 1928 3186 1976 est
3208 1920 3378 1978 uobis
3397 1937 3532 1979 cum

2347 2023 2552 2071 nerant
2581 2013 2654 2071 de
2682 2014 2889 2090 galilea
2907 2046 2921 2061 ·
3099 2012 3290 2071 adhuc
3319 2014 3379 2072 in
3409 2014 3618 2090 galilea
3645 2034 3710 2075 es

2346 2105 2613 2166 uiderunt
2641 2126 2823 2167 monu
3098 2119 3184 2165 set
3242 2107 3517 2167 ''dicens·
3576 2112 3715 2188 quia

2345 2210 2607 2259 mentum
2633 2232 2646 2248 ·
2707 2201 2783 2259 Et
2811 2207 2925 2280 que
3097 2212 3326 2276 oportet
3355 2202 3535 2262 filium
3564 2202 3645 2264 ho

2343 2294 2660 2352 admodum
2688 2297 2819 2372 posi
3096 2295 3269 2352 minis
3296 2297 3443 2355 tradi
3472 2298 3532 2355 in
3563 2316 3660 2357 ma

2343 2397 2468 2446 tum
2496 2398 2618 2447 erat
2646 2407 2859 2467 corpus
3094 2404 3203 2447 nus
3232 2388 3534 2450 hominum
3562 2410 3669 2469 pec

3093 2526 3357 2581 cat‘orum
3383 2554 3397 2569 ·
3461 2534 3520 2583 et
3547 2526 3705 2585 cruci

3092 2616 3192 2693 figi
3255 2627 3312 2676 et
3336 2618 3499 2677 tertia
3526 2619 3615 2679 die
3644 2638 3707 2678 re

3091 2729 3325 2787 surgere
3346 2743 3361 2757 ·
3405 2711 3427 2744 ⁸
3443 2710 3521 2770 Et
3550 2732 3611 2773 re

3091 2806 3397 2864 memorati
3427 2816 3560 2864 sunt

2344 2521 2467 2579 eius
2487 2552 2501 2567 ·
2545 2521 2590 2554 ⁶⁶
2606 2522 2684 2580 Et
2711 2541 2878 2582 reuer

2344 2625 2529 2673 tentes
2559 2628 2911 2693 parauerunt

2345 2720 2608 2768 aromata
2637 2719 2694 2769 et
2720 2729 2956 2787 unguen

2341 2812 2399 2860 ta
2418 2834 2432 2849 ·
2492 2802 2567 2861 Et
2597 2804 2842 2864 sabbato
2872 2807 2970 2884 qui

2340 2896 2474 2954 dem
2503 2897 2779 2957 siluerunt
3088 2899 3404 2958 uerborum
3431 2902 3553 2960 eius
3578 2932 3592 2948 ·

2338 2991 2659 3050 seeundum
2689 2993 2903 3051 manda
3090 2991 3111 3023 ⁹
3129 2991 3206 3050 Et
3235 3011 3495 3069 regresse
3524 3014 3560 3054 a
3586 3014 3689 3056 mo

2338 3092 2463 3142 tum
2482 3117 2496 3130 ·
2542 3091 2646 3144 24.
2673 3087 2888 3164 ¹prima
2906 3093 3038 3147 aute
3090 3097 3368 3147 numento
3396 3107 3582 3148 renun

2339 3179 2563 3238 sabbati
2593 3192 2881 3240 uenerunt
3090 3182 3374 3239 tiauerunt
3403 3182 3550 3243 haec
3579 3203 3679 3245 om

2338 3273 2507 3331 ualde
2530 3283 2792 3351 tempore
3089 3274 3187 3333 nia
3215 3276 3322 3334 illis
3350 3277 3624 3338 undecim
3644 3312 3657 3327 ·

2336 3367 2412 3424 ad
2441 3375 2825 3428 monumentii
3088 3378 3145 3428 et
3174 3372 3377 3429 ceteris
3406 3375 3679 3435 omnibus

2337 3473 2632 3536 portantes
2661 3482 2810 3540 quae
3086 3460 3131 3495 ¹⁰
3150 3462 3289 3524 Erat
3317 3478 3510 3526 autem
3539 3471 3720 3530 maria

2337 3567 2687 3630 parauerunt
2711 3577 2790 3616 un
3088 3559 3470 3636 magdalenae
3496 3593 3510 3608 ·
3569 3574 3629 3622 et
3658 3565 3716 3622 io

2337 3660 2555 3725 guenta
2631 3661 2688 3710 et
2716 3651 2950 3729 quidam
3088 3652 3285 3713 hanna
3307 3687 3322 3701 ·
3381 3666 3438 3714 et
3466 3659 3648 3719 maria

2338 3762 2473 3802 curn
2504 3745 2644 3821 ipsis
2707 3746 2823 3805 ²Et
2851 3748 2987 3807 inue
3087 3746 3275 3806 iacobi
3331 3760 3389 3808 et
3417 3760 3640 3812 ceterae

2338 3848 2545 3896 nerunt
2573 3838 2828 3914 lapidem
3089 3859 3238 3919 quae
3270 3861 3404 3903 cum
3434 3846 3576 3921 ipsis
3604 3847 3699 3909 fue

2334 3932 2658 3991 reuolutum
2688 3952 2723 3991 a
2751 3952 2852 3995 mo
3088 3948 3217 3995 rant
3279 3939 3425 3998 haec
3456 3940 3731 4003 dicebant

2336 4037 2617 4086 numento
2679 4028 2913 4106 ⁸ingres
3087 4030 3161 4088 ad
3192 4035 3494 4109 apostolos
3518 4068 3532 4083 ·
3576 4036 3618 4071 ¹¹
3637 4037 3714 4097 Et

2337 4138 2399 4178 se
2429 4131 2623 4179 autem
2653 4140 2774 4180 non
2807 4124 2868 4183 in
3084 4126 3238 4185 uisse
3269 4139 3400 4187 sunt
3430 4142 3563 4191 ante
3591 4132 3630 4191 il

2335 4223 2616 4274 uenerunt
2644 4233 2854 4292 corpus
3079 4219 3167 4280 los
3197 4223 3342 4283 sicut
3371 4224 3549 4285 delira

2335 4308 2436 4367 dni
2464 4309 2563 4367 ihu
2583 4340 2596 4355 ·
2648 4309 2668 4340 ⁴
2685 4308 2762 4366 Et
2792 4311 2947 4373 sactii
3080 4327 3342 4376 mentum
3400 4337 3505 4379 uer

3080 4412 3158 4470 ba
3185 4413 3292 4470 ista
3356 4423 3414 4473 et
3443 4433 3566 4474 non
3594 4435 3690 4476 cre

3172 344 3394 410 [xxm.
3416 348 3715 413 35-ΧΧΝ.
3741 361 3819 397 11.

3890 520 4021 569 1⁸01.
4044 521 4132 569 10.
