4414 4917
764 344 891 405 114

440 505 565 557 ποι
588 508 713 557 158.
752 512 945 580 potest
970 501 1194 562 remitte
1221 521 1232 532 ·

750 614 815 656 re
844 604 1090 673 peccata
1118 594 1228 655 nisi

750 689 910 750 solus
939 689 1008 748 ds
1030 721 1045 736 ·
1129 687 1151 722 ⁸
1170 706 1290 766 quo

750 784 990 861 cognito
1017 783 1107 842 ihs
1134 783 1195 841 in
1222 787 1332 859 spu

749 877 891 955 quid
918 878 1236 954 cogitarent

749 972 899 1031 intra
926 989 992 1031 se
1079 970 1223 1029 dixit
1251 968 1288 1027 il

747 1064 818 1125 lis
840 1096 855 1112 ·
939 1064 1083 1142 quid
1111 1064 1307 1140 cog-ita

749 1160 822 1218 tis
850 1159 958 1218 ista
984 1159 1045 1217 in
1073 1157 1237 1217 cordi

746 1255 857 1314 bus
885 1252 1090 1312 uestris
1111 1284 1123 1297 ·
1142 1284 1187 1295 -

745 1348 768 1381 ⁹
786 1346 947 1419 Quid
972 1355 1059 1406 est
1086 1345 1314 1404 facilius

743 1440 938 1499 dicere
967 1438 1207 1517 paralyti

745 1552 821 1592 co
851 1533 1212 1592 dimittuntur

744 1628 847 1687 tibi
874 1636 1118 1704 peccata
1147 1636 1246 1685 tua
1270 1658 1283 1671 ·

744 1721 863 1780 Aut
898 1721 1088 1780 dicere
1118 1739 1216 1779 sur

743 1833 819 1892 ge
850 1815 982 1876 tolle
1010 1816 1253 1874 crabatfi

743 1919 907 1968 tuum
935 1920 992 1968 et
1014 1908 1249 1967 ambula
1269 1939 1283 1954 ·

743 2002 789 2036 ¹⁰
807 2002 889 2061 Ut
916 2013 1111 2062 autem
1140 2003 1335 2061 sciatis
1368 2046 1377 2053 .

723 2098 1023 2175 »quoniam
1051 2109 1220 2173 potes

740 2201 921 2251 tatem
950 2190 1128 2249 habet
1153 2189 1304 2249 filius

741 2285 999 2345 hominis
1021 2284 1186 2343 remit

741 2379 901 2439 tendi
929 2389 1174 2457 peccata

741 2511 841 2570 Ait
864 2510 1179 2589 paralytico

742 2603 786 2638 ¹¹
806 2606 907 2663 tibi
936 2606 1068 2665 dico
1151 2622 1322 2680 surge

741 2699 875 2760 tolle
898 2699 1199 2759 crabatum

743 2803 909 2852 tuum
938 2802 996 2851 et
1023 2792 1172 2851 uade
1200 2788 1251 2834 ¹¹¹

743 2886 990 2945 domum
1018 2895 1179 2944 tuam

739 2976 785 3011 ¹²
802 2978 906 3037 Ille
935 2989 1129 3037 autern
1158 2996 1255 3037 sur

739 3090 888 3150 gens
916 3071 1039 3130 tulit
1073 3072 1251 3131 craba

739 3176 863 3225 tum
893 3184 1094 3226 coram
1124 3183 1224 3224 om

739 3260 911 3319 nibus
938 3269 996 3319 et
1024 3259 1160 3318 abiit

735 3353 815 3412 ita
841 3363 905 3413 ut
932 3353 1259 3413 admiraren

735 3459 828 3508 tur
854 3465 1062 3508 omnes

734 3550 793 3601 et
820 3541 1277 3602 honorificarent

737 3635 839 3695 ἀῶ
869 3636 1133 3695 dicentes
1156 3666 1169 3681 ·

736 3729 873 3806 quia
901 3747 1223 3805 numquam

736 3822 924 3882 taliter
950 3823 1165 3881 uidisse
1194 3840 1256 3881 se
1281 3852 1295 3868 ·
1322 3853 1335 3868 ·
1365 3847 1446 3876 ω

780 3942 861 3967 Φ
1026 3943 1110 3971 Φ
1276 3942 1357 3971 *O*

693 4010 727 4051 '¹‘
747 4010 867 4070 ¹³Et
894 4011 1170 4088 processit
1203 4030 1298 4069 rur

693 4106 727 4144 *
749 4123 847 4166 sus
876 4106 952 4164 ad
979 4124 1139 4165 mare
1163 4137 1176 4153 ·
1216 4139 1228 4151 ·

694 4198 728 4239 '¹‘
748 4200 1054 4276 omnisque
1081 4202 1247 4258 turba

696 4294 730 4332 ¹⁸¹
749 4294 1061 4353 ueniebant
1087 4294 1163 4353 ad
1189 4305 1313 4353 eu-

742 4396 798 4446 et
827 4386 1077 4447 docebat
1104 4405 1206 4447 eos

2125 324 2366 389 SECD
2385 357 2399 373 ·

1509 498 1555 534 ¹⁴
1568 498 1646 558 Et
1672 517 1809 559 eum
1837 499 2160 576 praeteriret

1504 594 1649 653 uidit
1675 592 1789 652 leui
1817 593 1945 652 alfei

1506 688 1806 747 sedentem
1834 706 1870 746 a
1898 686 2016 748 telo

1504 800 1685 841 neum
1758 791 1815 840 et
1842 781 1956 841 ailli
1987 799 2049 841 se

1504 893 1678 953 quere
1705 893 1802 935 me
1885 885 1942 934 et
1970 894 2069 935 sur

1501 987 1649 1047 gens
1679 978 1911 1029 secutus
1939 978 2027 1029 est

1501 1082 1635 1123 eum
1661 1095 1676 1111 ·
1747 1063 1792 1097 ¹⁶
1810 1075 1868 1123 et
1896 1063 2118 1123 factum

1501 1168 1588 1218 est
1616 1157 1962 1217 discumben

1501 1263 1558 1311 te
1586 1252 1683 1312 illo
1711 1252 1772 1311 in
1800 1251 1981 1312 domo

1502 1347 1625 1407 eius
1645 1377 1660 1392 ·
1724 1356 1781 1405 et
1808 1346 1975 1404 multi

1498 1440 1791 1518 puplicani
1819 1449 1877 1499 et
1903 1458 2014 1518 pec

1502 1544 1730 1594 catores
1761 1534 1933 1593 simul

1500 1629 1919 1688 recumbebant
1947 1633 2021 1686 οῦ

1500 1722 1601 1781 ihu
1630 1731 1687 1781 et
1714 1722 1982 1799 discipuli

1501 1816 1623 1874 eius
1705 1815 1890 1874 Erant
1918 1821 2014 1873 eni

1501 1909 1664 1968 multi
1694 1910 1791 1986 qui
1822 1910 1986 1968 secati
2017 1918 2149 1967 sunt

1501 2021 1637 2062 eum
1719 2001 1762 2036 ¹⁶
1779 2003 1856 2061 Et
1883 2002 2067 2063 scribe

1501 2106 1560 2156 et
1585 2096 1812 2155 farisaei
1838 2096 2012 2155 uiden

1498 2201 1586 2250 tes
1613 2190 1774 2250 illum
1802 2190 2024 2250 mandu

1500 2296 1733 2351 cantem
1762 2302 1898 2344 cum
1927 2302 2037 2361 pec

1499 2380 1791 2438 catoribus
1818 2388 1875 2437 et
1902 2396 1983 2454 pu

1496 2513 1741 2591 plicanis
1764 2545 1778 2560 ·
1841 2511 2115 2571 dicebant

1498 2606 1790 2684 discipulis
1818 2606 1939 2664 eius

1497 2719 1676 2777 quare
1706 2717 1843 2760 cum
1870 2698 2031 2777 pupli

1498 2795 1660 2853 canis
1689 2804 1745 2853 et
1775 2804 2018 2870 peccato

1497 2889 1655 2947 ribus
1683 2887 1997 2946 manducat

1497 2991 1554 3041 et
1582 2982 1738 3040 bibet
1759 3013 1773 3027 ·
1838 2980 1881 3014 ¹⁷
1898 2981 1975 3039 Et
2003 3000 2138 3040 eum

1498 3075 1749 3133 audisset
1775 3075 1864 3134 ihs
1893 3077 1970 3134 ait
1992 3107 2005 3122 ·

1497 3187 1619 3228 non
1646 3180 1820 3246 egent
1846 3169 2021 3229 fortes

1496 3263 1757 3323 medicos
1786 3263 1889 3321 sed
1918 3265 2016 3340 qui

1496 3357 1649 3416 male
1679 3356 1895 3415 habent
1913 3387 1927 3401 ·

1495 3469 1617 3509 non
1644 3451 1780 3509 ueni
1806 3468 2018 3511 uocare

1494 3545 1678 3604 iustos
1706 3544 1811 3603 sed
1837 3563 2022 3621 pecca

1494 3648 1667 3698 tores·
1692 3671 1704 3684 ·
1727 3669 1741 3685 ·
1803 3636 1848 3670 ¹⁸
1870 3639 1948 3696 Et
1974 3647 2139 3698 erant

1496 3731 1763 3808 discipuli
1789 3731 2063 3791 iohannis

1497 3835 1555 3885 et
1584 3825 1773 3885 farisei
1801 3827 2035 3885 ieiunan

1499 3929 1583 3978 tes
1613 3929 1671 3978 et
1697 3920 1937 3978 ueniunt
1964 3930 2020 3979 et

1500 4013 1701 4072 dicunt
1728 4013 1804 4071 illi
1873 4030 2049 4090 quare

1501 4106 1768 4183 discipuli
1794 4107 2064 4166 iohannis

1502 4209 1561 4259 et
1586 4199 1927 4259 fariseorum
1955 4201 2008 4259 ie

1503 4294 1704 4353 iuuant
1726 4324 1740 4340 ·
1805 4293 1890 4352 tui
1915 4312 2056 4353 uero

1500 4386 1766 4464 discipuli
1793 4404 1916 4447 non
1944 4388 2059 4448 ieiu

2313 511 2458 560 nant
2481 531 2496 547 ·
2578 499 2623 534 ¹⁹
2645 508 2704 559 et
2731 499 2810 559 ait
2838 498 2948 560 illis

2314 593 2600 670 numquid
2633 603 2880 670 possunt

2313 688 2393 746 fili
2422 689 2629 766 sponsi
2696 705 2876 765 quam

2312 781 2411 840 diu
2439 800 2574 841 cum
2604 781 2713 842 illis
2741 791 2830 841 est

2312 892 2567 952 sponsus
2594 876 2791 935 ieiuna

2309 987 2372 1027 re
2392 999 2406 1015 ·
2493 980 2782 1046 quantum

2310 1064 2588 1139 temporis
2610 1069 2750 1123 sect-1

2309 1156 2614 1216 habuerint
2642 1175 2796 1233 spon

2310 1268 2442 1309 sum
2533 1268 2656 1310 non
2685 1260 2934 1327 possunt

2308 1344 2563 1404 ieiunare
2587 1376 2602 1391 ·
2666 1342 2711 1379 ²⁰
2733 1344 2825 1404 Ue

2309 1440 2470 1498 nient
2497 1448 2691 1499 autem
2720 1440 2845 1499 dies

2310 1550 2445 1592 cum
2475 1532 2762 1593 auferetur

2308 1628 2384 1685 ab
2410 1627 2492 1685 eis
2516 1645 2769 1705 sponsus

2308 1731 2366 1779 et
2394 1732 2532 1780 tunc
2560 1722 2897 1781 ieiunabunt

2307 1815 2366 1871 in
2395 1814 2491 1873 illa
2519 1815 2611 1873 die
2630 1846 2645 1861 ·
2730 1814 2772 1850 ²²
2792 1832 2969 1875 nemo

2306 1908 2718 1967 adsumentum

2306 2002 2486 2078 panni
2516 2003 2676 2062 rudis
2704 2002 2851 2063 adsu

2306 2096 2348 2153 it
2376 2097 2726 2156 uestimento
2755 2115 2830 2156 ue

2304 2190 2410 2248 teri
2429 2221 2444 2235 ·
2529 2191 2807 2267 Alioquin

2306 2284 2487 2343 aufert
2516 2284 2722 2362 supple

2307 2387 2569 2437 mentum
2597 2396 2818 2438 nouum

2308 2529 2343 2569 a
2369 2511 2550 2570 ueteri
2579 2521 2637 2570 et
2664 2513 2828 2589 peior

2308 2605 2371 2664 fit
2400 2607 2648 2665 scissura
2671 2638 2686 2653 ·
2771 2604 2814 2640 ²²
2832 2606 2910 2665 Et

2308 2718 2489 2760 nemo
2517 2701 2688 2758 mittit
2719 2701 2861 2759 uinii

2307 2810 2528 2852 nouum
2558 2794 2619 2852 in
2647 2805 2799 2853 utres

2307 2895 2534 2946 ueteres
2603 2887 2738 2946 Alio

2308 2981 2449 3058 quin
2478 2980 2786 3058 disrumpit

2306 3074 2508 3132 uinum
2538 3085 2693 3134 utres

2306 3177 2364 3227 et
2388 3169 2591 3227 uinum
2620 3169 2781 3228 effun

2308 3261 2474 3321 detur
2541 3273 2598 3322 et
2627 3272 2782 3322 utres

2306 3357 2577 3432 peribunt
2601 3388 2615 3403 ·
2704 3357 2819 3417 Sed

2305 3449 2508 3508 uinum
2547 3468 2769 3510 nouum

2303 3544 2366 3602 in
2393 3555 2549 3603 utres
2576 3562 2769 3604 nouos

2306 3637 2655 3697 mittendum
2684 3648 2773 3698 est

2303 3727 2348 3762 ¹³
2366 3729 2444 3789 Et
2472 3731 2688 3791 factum
2717 3741 2804 3791 est
2832 3733 2908 3792 ite

2305 3842 2436 3883 rum
2505 3843 2643 3884 cum
2673 3826 2779 3885 sab

2306 3918 2454 3977 batis
2468 3920 2806 3992 ‘ambularet

2306 4030 2412 4089 per
2440 4023 2666 4090 segetes
2685 4045 2699 4059 ·
2785 4013 2862 4073 Et

2308 4106 2569 4183 discipuli
2596 4108 2718 4166 eius

2305 4201 2409 4259 iter
2436 4200 2712 4261 facientes
2736 4234 2750 4248 ·

2306 4305 2626 4372 coeperunt
2654 4295 2802 4356 uelle

2301 4389 2621 4466 respicas·

3399 335 3495 400 [11.
3525 341 3698 403 7—111.
3724 353 3772 402 3.

3066 495 3112 532 ²⁴
3128 498 3378 576 pharisei
3407 510 3603 561 autem

3067 592 3340 652 dicebant
3367 595 3420 653 ei

3067 705 3205 747 ecce
3234 688 3374 764 quid
3401 688 3619 749 faciunt

3067 782 3320 841 sabbatis
3349 783 3508 860 quod

3067 893 3190 934 non
3219 874 3356 936 licet
3436 874 3482 909 ²⁵
3498 875 3576 934 Et
3603 877 3683 936 ait

3066 968 3176 1028 illis
3205 988 3314 1029 nec
3343 969 3458 1030 hoc
3487 971 3541 1031 le

3065 1062 3228 1139 gistis
3257 1064 3416 1140 quod
3444 1063 3572 1124 fece

3067 1157 3139 1215 rit
3167 1157 3344 1216 dauid
3414 1176 3551 1218 cum

3067 1251 3472 1311 necessitatem

3065 1345 3264 1404 habuit
3346 1355 3403 1405 et
3431 1348 3582 1405 esuri

3065 1439 3107 1497 it
3135 1449 3193 1497 et
3220 1440 3320 1515 qui
3347 1458 3486 1498 cum
3513 1440 3613 1499 illo

3064 1542 3229 1591 erant
3309 1529 3352 1566 ²⁶
3369 1551 3591 1610 quomo

3065 1625 3143 1685 do
3172 1626 3403 1685 intrauit
3431 1627 3491 1685 in
3523 1627 3602 1688 do

3063 1737 3228 1779 mum
3257 1721 3318 1780 di
3339 1754 3352 1767 ·
3425 1722 3533 1779 sub
3562 1722 3637 1780 ab

3063 1813 3248 1872 iathar
3274 1815 3535 1893 principe

3064 1908 3435 1968 sacerdotum
3456 1942 3469 1955 ·
3494 1942 3506 1956 ·

3061 2010 3118 2059 et
3145 2019 3328 2079 panes
3358 2020 3549 2079 propo

3061 2094 3282 2155 sitionis
3311 2096 3531 2156 mandu

3062 2190 3218 2247 cauit
3302 2208 3451 2266 quos
3480 2208 3603 2250 non

3061 2282 3273 2342 licebat
3300 2284 3353 2343 ei
3381 2285 3605 2343 mandu

3062 2395 3193 2436 care
3275 2378 3388 2436 uisi
3417 2379 3552 2438 solis

3063 2510 3464 2571 sacerdotibus
3488 2543 3503 2558 ·

3063 2615 3119 2663 et
3148 2604 3307 2663 dedit
3335 2606 3421 2663 eis
3450 2606 3549 2683 qui
3579 2612 3654 2665 cu

3062 2698 3161 2758 illo
3189 2708 3355 2758 erant
3378 2731 3393 2746 ·
3458 2697 3501 2733 ’⁷
3518 2700 3595 2760 Et
3623 2700 3683 2758 di

3063 2793 3232 2851 cebat
3260 2793 3370 2851 illis
3399 2790 3639 2884 sabbatii

3062 2896 3298 2963 propter
3326 2886 3565 2947 homine

3062 2979 3282 3041 factum
3310 2992 3398 3041 est
3424 3014 3437 3027 ·
3524 3000 3647 3042 non

3063 3073 3246 3134 homo
3283 3085 3522 3152 propter

3064 3163 3366 3227 sabbatum
3389 3200 3403 3214 ·
3468 3166 3510 3201 ²⁸
3533 3169 3624 3228 Ita

3063 3279 3177 3338 que
3206 3262 3318 3321 dns
3345 3273 3432 3322 est
3461 3262 3608 3322 filius

3063 3354 3316 3414 hominis
3342 3358 3520 3416 etiam

3065 3450 3287 3508 sabbati
3311 3483 3323 3497 ·
3351 3483 3364 3497 ·
3390 3483 3405 3498 ·
3477 3456 3533 3510 3.
3561 3448 3676 3508 ¹Et
3705 3451 3764 3509 in

3063 3544 3215 3601 troiit
3243 3544 3450 3604 iterum
3479 3545 3540 3603 in

3062 3653 3426 3714 synagogam
3461 3648 3519 3698 et

3061 3741 3182 3789 erat
3214 3731 3292 3790 ibi
3320 3731 3504 3791 homo
3532 3733 3615 3791 ari

3061 3822 3197 3883 dam
3227 3825 3452 3884 habens
3479 3832 3658 3886 manii

3057 3914 3080 3948 ²
3098 3928 3155 3977 et
3183 3919 3571 3979 obseruabant

3058 4029 3195 4071 eum
3224 4012 3273 4070 si
3302 4013 3558 4072 sabbatis

3058 4117 3281 4165 curaret
3310 4119 3372 4167 ut
3402 4126 3576 4168 accus

3056 4210 3251 4258 sarent
3278 4199 3438 4259 illum
3459 4234 3472 4248 ·

3054 4292 3077 4326 ⁸
3095 4292 3174 4353 Et
3202 4295 3280 4353 ait
3301 4294 3522 4355 homini
3550 4295 3745 4358 haben

3056 4389 3098 4447 ti
3128 4406 3369 4450 manum
3395 4391 3554 4450 arida

3795 505 3919 555 rol.
3944 507 4076 559 159.
