4414 4917
803 329 888 399 50

487 489 610 541 1'01.
631 490 753 540 219.
799 486 864 545 in
890 486 1068 545 uitam
1098 491 1395 546 aeternam
1418 516 1432 533 ·

800 579 998 653 Quam
1027 581 1174 639 filius
1201 580 1366 639 homi

798 675 891 734 nis
921 674 1079 733 dabit
1107 675 1277 733 uobis
1305 674 1465 734 hunc

798 769 956 828 enim
985 777 1147 845 pater
1176 769 1345 843 signa

795 862 880 921 uit
909 862 977 921 ds
1002 893 1016 909 ·
1040 894 1055 911 ·
1101 858 1144 893 ⁹⁸
1161 861 1452 921 Dixerunt

796 974 939 1032 ergo
969 954 1043 1014 ad
1071 974 1207 1015 eum
1230 987 1244 1002 ·
1305 956 1447 1033 quid

793 1049 1074 1108 faciemus
1102 1060 1164 1107 ut
1193 1067 1307 1124 ope

792 1161 984 1201 remur
1012 1160 1192 1219 opera
1221 1143 1280 1201 di
1301 1173 1316 1188 ·

792 1237 837 1271 ²⁹
857 1236 1186 1314 Respondit
1213 1237 1303 1295 ihs
1331 1246 1390 1295 et

793 1330 936 1388 dixit
964 1331 1046 1389 eis
1066 1360 1080 1377 ·
1141 1329 1254 1390 hoc
1284 1340 1372 1389 est

792 1441 943 1500 opus
973 1422 1034 1482 di
1115 1432 1180 1481 ut
1207 1423 1381 1483 creda

791 1517 865 1576 tis
894 1517 955 1575 in
984 1535 1118 1576 eum
1148 1536 1324 1593 quem
1353 1518 1391 1576 il

788 1609 844 1670 le
874 1611 1029 1669 misit
1047 1642 1061 1656 ·
1105 1610 1151 1643 ⁸⁰
1168 1611 1453 1670 Dixerunt

790 1704 868 1762 illi
937 1704 1099 1780 quod
1126 1723 1269 1781 ergo
1300 1716 1361 1764 tu

788 1797 931 1858 sacis
960 1798 1195 1874 signum
1266 1810 1329 1858 ut

788 1892 1090 1952 uideamus
1117 1902 1175 1951 et
1203 1911 1300 1952 cre

786 1986 993 2046 damus
1022 1987 1122 2045 tibi
1153 1986 1292 2063 quid
1319 2006 1358 2047 o

785 2080 1005 2157 peraris
1027 2112 1040 2126 ·
1101 2079 1145 2112 ³¹
1166 2080 1365 2140 Patres

784 2174 966 2232 nostri
996 2192 1216 2233 manna

784 2267 1278 2327 manducauerunt

784 2400 845 2458 in
876 2399 1104 2460 deserto
1163 2400 1310 2461 sicut

783 2495 1065 2571 scriptum
1085 2504 1173 2553 est
1196 2526 1210 2541 ·
1271 2513 1347 2571 pa

781 2605 922 2647 nem
951 2588 1025 2646 de
1054 2589 1181 2647 celo
1212 2587 1371 2647 dedit

778 2680 889 2739 illis
917 2684 1271 2742 manducare
1294 2714 1308 2728 ·

776 2773 995 2833 ”Dixit
1019 2776 1127 2834 illis
1149 2777 1237 2834 ihs
1285 2779 1482 2836 Amen

777 2886 952 2927 amen
982 2869 1115 2929 dico
1143 2871 1310 2929 uobis
1335 2902 1348 2916 ·

777 2979 901 3019 non
932 2980 1164 3040 moyses
1194 2963 1352 3022 dedit

778 3054 888 3113 illis
915 3073 1129 3132 panem
1161 3057 1232 3115 de
1262 3057 1391 3116 celo
1419 3089 1430 3102 ·

783 3147 900 3206 Sed
930 3160 1096 3225 pater
1125 3168 1290 3208 meus
1323 3151 1398 3209 de

776 3241 863 3300 dit
889 3242 1058 3302 uobis
1087 3262 1303 3319 panem

778 3336 853 3394 de
883 3337 1046 3395 caelo
1074 3355 1278 3395 uerum
1302 3370 1315 3383 ·
1340 3370 1351 3383 ·

775 3428 819 3461 ⁸³
836 3431 1005 3506 panis
1033 3433 1192 3490 enim
1224 3431 1284 3490 di
1312 3442 1399 3490 est

774 3525 875 3601 qui
904 3524 1205 3585 descendit
1234 3526 1308 3585 de

774 3617 941 3676 caelo
996 3629 1053 3677 et
1079 3620 1262 3678 uitam
1292 3619 1364 3678 de

772 3711 856 3769 dit
885 3711 1019 3771 huic
1049 3714 1249 3773 seculo
1275 3745 1289 3759 ·
1318 3746 1331 3759 ·

770 3803 1339 3883 “Dixeruntergoad
1350 3817 1475 3865 eu-

771 3900 887 3960 dr‘ie
944 3919 1176 3978 semper
1204 3901 1281 3959 da

768 3995 943 4054 nobis
973 4013 1187 4071 panem
1216 3995 1372 4054 hunc

766 4087 812 4121 ⁸⁸
830 4088 993 4147 Dixit
1021 4106 1164 4164 ergo
1193 4090 1277 4148 eis
1306 4090 1397 4148 ihs
1417 4121 1431 4136 ·

766 4200 882 4258 ego
912 4199 1041 4241 sum
1070 4183 1239 4260 panis
1267 4184 1423 4243 uitae

2101 312 2273 375 SEC
2282 310 2474 375 UND
2497 343 2512 358 ·

1551 485 1652 562 qui
1679 486 1840 544 uenit
1867 483 1944 544 ad
1972 502 2068 544 me

1553 598 1673 640 non
1702 579 1935 638 esuriet·
1978 578 2056 636 Et
2083 579 2183 655 qui

1552 672 1732 733 credit
1760 674 1874 732 ime
1904 691 2025 747 non

1552 767 1698 826 sitiet
1727 784 2007 843 umquam
2030 797 2044 812 ·

1550 861 1597 893 ³⁶
1616 859 1733 919 Sed
1764 860 1881 919 dixi
1904 860 2072 919 uobis
2094 858 2231 938 quia

1550 964 1608 1013 et
1635 954 1856 1014 uidistis
1883 964 1941 1013 et
1970 967 2099 1013 non·

1551 1048 1781 1107 creditis
1801 1079 1815 1094 ·
1875 1047 1919 1079 ⁸⁷
1930 1048 2125 1108 Omne

1548 1142 1709 1219 quod
1737 1141 1877 1200 mihi
1906 1141 2004 1200 dat
2032 1160 2110 1219 pa

1546 1246 1631 1296 ter
1660 1236 1736 1295 ad
1767 1255 1860 1295 me
1888 1236 2081 1295 ueniet
2102 1267 2116 1282 ·

1545 1340 1603 1389 et
1631 1331 1958 1389 uenientem
1990 1331 2065 1388 ad

1545 1443 1641 1482 me
1670 1442 1790 1483 non
1820 1424 2035 1501 repello

1547 1517 1700 1576 foras
1724 1549 1738 1563 ·
1804 1517 1847 1550 ⁸⁸
1870 1524 2011 1594 qt‘un
2041 1517 2145 1577 des

1545 1611 1717 1670 cendi
1746 1612 1820 1671 de
1847 1611 1971 1671 celo
2019 1621 2082 1670 ut

1544 1722 1667 1763 non
1695 1705 1904 1764 faciam
1934 1706 2114 1765 uolun

1542 1807 1719 1857 tatem
1749 1817 1945 1857 meam
1968 1830 1982 1845 ·

1543 1892 1645 1950 sed
1675 1893 2035 1951 uoluntatem

1542 1985 1662 2044 eius
1691 1986 1790 2062 qui
1818 2004 1915 2044 me
1944 1985 2097 2044 misit
2121 2018 2133 2031 ·

1540 2078 1584 2111 ⁸⁹
1597 2078 1763 2138 Haec
1784 2090 1871 2138 est
1888 2081 2046 2139 enim
2061 2079 2237 2139 uolun

1539 2182 1628 2231 tas
1655 2174 1780 2231 eius
1809 2175 1907 2249 qui
1936 2193 2030 2232 me
2060 2175 2141 2231 mi

1540 2267 1612 2325 sit
1632 2297 1645 2311 ·
1705 2278 1768 2325 ut
1796 2284 1972 2326 omne
2003 2268 2151 2344 qu⁰d

1540 2396 1699 2457 dedit
1727 2396 1866 2455 mihi
1895 2416 2015 2457 non
2044 2398 2183 2456 amit

1537 2502 1656 2550 tam
1688 2492 1906 2568 aliquid
1934 2511 2007 2551 ex
2036 2510 2109 2551 eo
2134 2524 2148 2539 ·

1539 2585 1655 2644 Sed
1684 2587 2024 2645 resuscitem
2047 2605 2161 2662 ego

1534 2679 1695 2738 illum
1724 2680 1785 2738 in
1816 2681 2135 2739 nouissima

1535 2773 1630 2832 die
1653 2805 1667 2819 ·
1727 2774 1773 2807 ⁴⁰
1794 2773 1959 2833 Haec
1990 2769 2078 2833 est

1533 2867 1692 2926 enim
1722 2868 1992 2928 uoluntas
2021 2886 2098 2945 pa

1532 2961 1633 3020 tris
1662 2963 1777 3020 mei
1803 2994 1816 3008 ·
1880 2973 1945 3021 ut
1972 2963 2166 3021 omnis

1533 3055 1632 3130 qui
1660 3054 1819 3113 uidet
1845 3056 2028 3114 filium

1532 3157 1588 3206 et
1617 3148 1798 3207 credit
1823 3151 1885 3207 in
1913 3150 2068 3209 illum

1533 3240 1745 3301 habeat
1779 3243 1959 3301 uitam
1986 3253 2143 3302 aeter

1532 3353 1671 3393 nam
1695 3367 1709 3382 ·
1767 3346 1825 3394 et
1852 3338 2067 3396 resusci

1530 3439 1649 3487 tem
1679 3448 1792 3505 ego
1816 3430 1976 3488 illum
2004 3432 2063 3488 in
2094 3449 2174 3489 no

1527 3524 1765 3583 uissima
1793 3525 1885 3584 die
1909 3556 1923 3570 ·

1526 3616 1569 3650 ⁴¹
1591 3617 2039 3677 Murmurabant
2067 3637 2129 3676 er

1524 3730 1604 3788 go
1634 3711 1786 3771 iudei
1817 3711 1891 3771 de
1921 3730 1992 3771 eo
2023 3718 2164 3789 qum

1525 3805 1664 3864 dixit
1693 3824 1805 3882 ego
1836 3824 1967 3865 sum
1996 3806 2166 3883 panis

1524 3900 1623 3975 qui
1653 3901 1725 3959 de
1754 3900 1918 3959 caelo
1947 3900 2163 3959 descen

1524 3994 1616 4051 di·
1677 3993 1723 4027 ⁴²
1737 3994 1814 4052 Et
1842 3994 2116 4053 dicebant

1522 4105 1723 4147 nonne
1754 4087 1849 4147 hic
1876 4099 1963 4146 est
1992 4087 2080 4146 ihs

1522 4180 1668 4241 filius
1699 4181 1917 4259 Ioseph
1942 4212 1955 4227 ·

2358 484 2537 544 Cuius
2566 501 2678 544 nos
2704 493 2930 561 patrem

2356 579 2630 638 nouimus
2658 588 2715 637 et
2745 596 2843 635 ma

2356 681 2502 731 trem
2525 703 2539 719 ·
2604 670 2906 747 quomodo

2356 783 2500 842 ergo
2531 765 2669 824 dicit
2722 769 2866 841 qiim

2355 860 2427 918 de
2456 859 2583 919 celo
2612 858 2886 918 descendi
2910 888 2925 904 ·

2354 953 2397 987 ⁴³
2417 952 2747 1029 Respondit
2773 970 2917 1028 ergo
2947 952 3036 1011 ihs

2355 1057 2413 1105 et
2440 1045 2583 1104 dixit
2609 1045 2718 1105 illis
2742 1077 2757 1092 ·
2818 1046 2939 1105 noli

2353 1150 2411 1199 te
2440 1158 2800 1199 murmurare
2827 1141 2888 1198 in

2351 1244 2437 1293 ter
2465 1249 2573 1293 uos
2596 1265 2610 1279 ·
2652 1234 2699 1267 ⁴⁴
2718 1233 2917 1293 Nemo
2944 1251 3026 1310 po

2351 1336 2464 1386 test
2491 1328 2689 1387 uenire
2718 1327 2793 1386 ad
2822 1346 2917 1386 me
2936 1359 2950 1374 ·

2351 1422 2460 1480 nisi
2490 1431 2653 1498 pater
2679 1422 2779 1498 qui
2809 1422 2964 1480 misit

2351 1532 2446 1573 me
2476 1515 2661 1574 trahat
2688 1533 2823 1580 eum
2842 1546 2856 1561 ·
2884 1546 2899 1561 ·

2349 1618 2407 1666 et
2424 1627 2537 1684 ego
2565 1609 2913 1667 resuscitab⁰
2997 1638 3004 1641 ι

2347 1701 2509 1759 illum
2538 1702 2598 1759 in
2627 1703 2846 1762 nouissi

2348 1813 2447 1853 ma
2475 1794 2566 1855 die
2590 1828 2604 1842 ·
2630 1828 2644 1843 ·
2695 1797 2740 1829 ⁴⁶
2759 1795 2866 1856 Est
2896 1798 3050 1856 scrib

2347 1898 2469 1948 tum
2500 1890 2558 1946 in
2588 1889 2827 1967 profetis
2849 1923 2863 1937 ·
2931 1902 2989 1951 et

2346 1984 2513 2043 erunt
2539 2002 2748 2044 omnes
2777 1985 2856 2044 do

2346 2077 2543 2135 cibiles
2573 2077 2633 2136 di
2656 2108 2671 2124 ·
2729 2078 2929 2137 omnis

2343 2188 2486 2246 ergo
2514 2172 2613 2248 qui
2642 2171 2802 2231 audit
2832 2190 2867 2231 a
2895 2190 2972 2249 pa

2343 2274 2427 2323 tre
2456 2275 2514 2324 et
2541 2266 2738 2325 didicit
2765 2284 2839 2325 ue

2344 2399 2428 2457 nit
2445 2398 2520 2458 ad
2538 2417 2634 2457 me
2648 2431 2661 2445 ·
2689 2395 2888 2460 ⁴“Non
2907 2403 3043 2479 quia

2341 2502 2565 2570 patrem
2593 2494 2737 2553 uidit
2765 2497 2894 2572 quis
2916 2528 2930 2542 ·

2342 2587 2452 2646 nisi
2481 2588 2578 2664 qui
2608 2599 2696 2646 est
2725 2607 2760 2647 a
2791 2590 2869 2648 df>
2898 2590 2993 2649 hic

2340 2681 2484 2739 uidit
2513 2691 2740 2758 patrem
2762 2714 2776 2729 ·
2799 2717 2880 2727 —

2339 2775 2580 2833 ⁴⁷Amen
2604 2795 2780 2835 amen
2804 2777 2939 2838 dico
2963 2797 3041 2841 uo

2340 2868 2429 2926 bis
2510 2870 2611 2945 qui
2640 2870 2822 2929 credit
2850 2872 2910 2929 in

2338 2981 2432 3020 me
2460 2962 2637 3022 habet
2664 2965 2845 3023 uitam
2872 2984 2943 3025 ae

2337 3065 2563 3115 ternam
2582 3089 2596 3103 ·
2657 3059 2702 3090 ⁴⁸
2718 3057 2852 3134 Ego
2881 3072 3001 3118 su-

2339 3152 2507 3226 panis
2534 3152 2687 3210 uitae
2711 3183 2725 3198 ·
2789 3153 2833 3185 ⁴⁹
2849 3164 3040 3230 patres

2337 3245 2510 3302 uestri
2539 3246 2833 3305 manduca

2336 3349 2540 3396 uerunt
2568 3357 2786 3399 manna
2814 3341 2873 3399 in

2335 3432 2565 3491 deserto
2595 3444 2653 3492 et
2681 3452 2813 3492 mor

2336 3527 2416 3584 tui
2447 3537 2583 3585 sunt
2602 3558 2615 3573 ·
2660 3527 2706 3561 ⁶⁰
2725 3527 2844 3588 Hic
2865 3538 2954 3587 est

2333 3621 2502 3697 panis
2531 3622 2630 3697 qui
2662 3622 2735 3681 de
2765 3622 2932 3681 caelo

2332 3714 2629 3773 descendit
2711 3725 2775 3775 ut

2332 3809 2461 3884 quis
2490 3808 2853 3869 manducaue

2330 3902 2400 3959 rit
2431 3921 2505 3960 ex
2534 3920 2607 3961 eo
2678 3920 2801 3962 non
2831 3922 2932 3963 mo

2329 3997 2536 4055 riatur·
2563 4029 2576 4042 ·
2604 4029 2617 4043 ·
2663 3995 2703 4029 ⁶¹
2726 3995 2859 4074 Ego
2890 4007 3006 4058 su-

2332 4091 2500 4167 panis
2527 4091 2697 4148 uiuus
2726 4091 2828 4168 qui
2858 4091 2932 4150 de

2330 4184 2493 4244 caelo
2521 4183 2798 4244 descendi

3484 322 3598 387 [vt.
3621 337 3814 392 27-57.

3115 482 3175 541 Si
3204 484 3334 560 quis
3360 486 3729 547 manducaue

3109 578 3183 636 rit
3212 576 3286 637 de
3314 579 3427 639 isto
3456 598 3607 656 pane
3635 582 3695 639 ui

3107 682 3207 730 uet
3233 672 3294 730 in
3323 682 3624 732 aeternum
3648 705 3663 721 ·
3723 714 3728 719 ,

3108 764 3282 824 Panis
3311 777 3506 825 autem
3535 785 3712 844 quem

3106 876 3221 934 ego
3251 858 3407 919 dabo
3438 880 3576 920 caro
3605 880 3741 922 mea

3105 961 3192 1010 est
3216 983 3230 999 ·
3314 972 3493 1031 quam
3522 973 3635 1031 ego
3667 955 3744 1014 da

3104 1046 3184 1105 bo
3214 1064 3319 1122 pro
3350 1048 3563 1106 saeculi
3592 1050 3713 1108 uita
3732 1079 3748 1095 ·

3101 1135 3147 1171 ⁶²
3165 1138 3606 1200 Murmurabant
3633 1143 3713 1201 ita

3102 1249 3254 1308 quae
3289 1234 3478 1293 iudaei
3508 1234 3582 1293 ad
3611 1236 3732 1294 inui

3103 1344 3235 1384 cem
3262 1326 3524 1387 dicentes
3546 1360 3560 1375 ·

3103 1418 3426 1491 Quomodo
3456 1409 3652 1498 potest

3104 1513 3197 1573 hic
3225 1515 3399 1573 nobis
3428 1532 3663 1574 carnem

3104 1625 3269 1666 suam
3299 1608 3438 1667 dare
3468 1628 3609 1667 man

3101 1701 3350 1761 ducare·
3395 1702 3439 1735 ⁰³
3459 1702 3622 1761 Dixit

3100 1813 3243 1871 ergo
3273 1796 3380 1854 illis
3409 1796 3498 1855 ihs
3580 1815 3755 1856 amen

3100 1907 3272 1947 amen
3303 1890 3437 1948 dico
3465 1892 3638 1951 uobis
3797 1888 3801 1892 ’

3100 1983 3229 2041 Nisi
3258 1983 3490 2042 ederitis
3518 1990 3691 2045 carne

3099 2077 3179 2134 fili
3207 2076 3462 2137 hominis
3520 2077 3596 2138 Et
3626 2080 3684 2137 bi

3097 2171 3294 2229 beritis
3322 2173 3446 2231 eius
3475 2174 3684 2249 sangui

3098 2282 3235 2322 nem
3259 2297 3273 2312 ·
3335 2284 3457 2325 non
3487 2266 3698 2326 habebi

3094 2398 3166 2455 tis
3194 2398 3376 2456 uitam
3405 2399 3465 2457 in
3494 2400 3664 2461 uobis
3685 2431 3699 2447 ·

3859 496 3983 545 rol.
3999 496 4126 546 220.

3091 2491 3134 2524 ⁶⁴
3146 2491 3264 2564 Qui
3283 2493 3415 2551 edet
3432 2512 3668 2552 carnem
3685 2508 3882 2556 mea--

3092 2596 3149 2644 et
3176 2586 3333 2643 bibet
3362 2588 3695 2663 sanguine-

3093 2697 3290 2737 meum
3319 2678 3492 2738 habet
3521 2682 3688 2741 uita·-

3093 2781 3350 2831 eternam
3370 2805 3384 2820 ·
3449 2773 3527 2832 Et
3554 2794 3671 2852 ego

3093 2869 3448 2928 resuscitabo
3475 2869 3635 2927 illum

3094 2962 3154 3019 in
3184 2963 3503 3022 nouissima
3532 2964 3624 3023 die
3649 2996 3662 3010 ·

3092 3056 3138 3087 ⁶⁶
3157 3055 3390 3134 Corpus
3413 3059 3569 3116 enim
3598 3077 3794 3118 meum

3090 3166 3228 3209 uera
3257 3162 3345 3210 est
3372 3170 3509 3212 esca
3575 3153 3654 3212 Et

3092 3245 3330 3320 sanguis
3359 3265 3523 3305 meus
3557 3266 3632 3306 ue

3090 3356 3186 3397 rus
3215 3349 3301 3397 est
3329 3351 3502 3415 potus
3521 3371 3534 3386 ·

3090 3431 3135 3466 ⁶⁸
3153 3430 3269 3503 Qui
3300 3433 3614 3492 manducat
3642 3452 3743 3493 cor

3088 3544 3199 3602 pus
3226 3544 3423 3585 meum
3452 3536 3509 3585 et
3544 3528 3687 3586 bibit

3090 3621 3437 3696 sanguinem
3467 3640 3668 3680 meum

3088 3714 3150 3771 in
3179 3733 3271 3773 me
3301 3725 3501 3774 manet
3529 3725 3588 3775 et
3615 3734 3729 3792 ego

3087 3808 3148 3864 in
3177 3808 3309 3884 ipso
3333 3839 3347 3854 ·
3399 3807 3445 3841 ⁵⁷
3464 3808 3790 3880 Quomodo

3086 3902 3240 3960 misit
3270 3920 3365 3961 me
3392 3903 3562 3961 uiuus
3590 3921 3667 3979 pa

3085 4005 3171 4054 ter
3254 4007 3312 4054 et
3339 4014 3454 4073 ego
3482 3997 3620 4056 uiuo
3650 4008 3788 4076 pr0p

3084 4099 3169 4148 ter
3199 4100 3421 4165 patrem
3441 4121 3455 4136 ·
3527 4090 3603 4149 Et
3631 4091 3729 4168 qui

3083 4183 3399 4243 manducat
3427 4200 3522 4243 me
