4414 4917
635 290 727 396 311.
746 340 935 410 3-:9.]
1948 333 2220 397 MARC
2241 366 2262 397 ,
2288 368 2302 383 ·
3537 357 3565 402 1
3585 357 3611 403 1
3626 360 3666 424 9

323 516 467 567 rol.
489 516 615 567 108.
636 521 695 571 et
722 509 966 571 simonis
984 541 999 558 ·
1084 527 1284 571 nonne
1391 508 1430 545 ¹¹
1450 518 1508 569 et
1536 510 1889 587 quicumque
2201 530 2239 570 a
2267 511 2512 572 mortuis
2535 543 2549 559 ·
2573 543 2587 558 ·
2614 543 2628 558 ·
2651 508 2696 545 ²⁷
2715 512 2855 590 Ipse
2957 512 3259 592 Simulque
3285 532 3487 575 recum
3687 515 3813 565 ³¹01·
3834 516 3959 567 169-

637 616 697 666 et
724 615 957 666 sorores
986 605 1112 665 eius
1390 621 1515 663 non
1543 605 1788 664 recerint
1813 614 1917 665 u⁰s
1938 637 1953 652 ·
2201 605 2361 665 enim
2388 605 2638 666 herodes
2955 608 3225 668 bentibus
3247 641 3261 656 ·
3289 642 3303 658 ·
3341 628 3448 670 rex

635 700 730 760 hic
760 699 1070 759 nobiscum
1100 708 1234 760 sunt
1252 730 1267 748 ·
1387 697 1690 758 Exeuntes
1727 699 1866 760 inde
2200 700 2357 759 misit
2385 699 2494 759 hac
2525 700 2708 759 tenuit
2955 701 3035 761 ait
3062 702 3290 780 puellae
3317 713 3453 782 pete

635 804 695 855 et
721 793 1168 855 soendalizaban
1388 794 1642 853 excutite
1670 794 1853 871 pedes
2199 792 2516 854 iohannem
2583 805 2641 854 et
2669 794 2725 853 al
2954 796 3038 855 ad
3061 813 3158 855 me
3186 799 3348 875 quod
3374 798 3465 858 uis
3492 807 3550 859 et

636 899 727 949 tur
752 889 814 949 in
841 888 939 948 illo
960 920 975 936 ·
1037 888 1155 947 *Et
1183 888 1243 947 di
1387 895 1614 946 uestros
1642 904 1776 946 cum
1807 887 1907 964 pul
2198 886 2398 964 ligauit
2424 906 2559 947 eum
2589 898 2647 948 et
2675 888 2756 948 mi
2957 889 3113 948 dabo
3143 890 3244 949 tibi
3262 922 3276 937 ·
3303 921 3317 937 ·
3368 891 3508 952 ”Et
3535 893 3661 954 iura

636 984 808 1044 cebat
832 982 917 1043 eis
943 982 1033 1042 ihs
1061 984 1200 1060 quia
1387 997 1524 1040 uere
1550 980 1613 1038 in
1642 982 1880 1040 testimo
2200 982 2273 1043 sit
2299 982 2361 1040 in
2389 1000 2684 1042 carcerem
2706 1013 2721 1030 ·
2954 984 3038 1041 uit
3064 983 3144 1042 illi
3172 984 3355 1045 multa
3377 1017 3394 1033 ·

634 1094 758 1137 non
785 1086 876 1137 est
902 1076 1127 1155 profeta
1388 1074 1549 1132 nium
1578 1073 1687 1133 illis
1711 1106 1726 1121 ·
1788 1092 1964 1134 amen
2200 1075 2446 1154 Propter
2473 1076 2715 1137 herodia
2958 1076 3139 1149 Quod
3168 1079 3449 1157 quidquid
3477 1099 3553 1158 pe

633 1171 759 1231 sine
788 1172 1012 1231 honore
1040 1171 1153 1231 nisi
1388 1166 1522 1226 dico
1550 1168 1723 1229 uobis
1747 1199 1762 1215 ·
1847 1168 1965 1229 tole
2199 1169 2338 1228 dem
2412 1188 2660 1231 uxorem
2955 1171 3112 1231 tieris
3141 1173 3296 1234 dabo
3324 1173 3428 1233 tibi
3446 1205 3461 1222 ·

632 1265 694 1324 in
722 1264 908 1342 patria
935 1282 1041 1324 sua
1067 1274 1126 1324 et
1152 1265 1215 1324 in
1386 1260 1621 1321 rabilius
1648 1263 1754 1322 erit
1782 1280 1851 1323 so
2200 1264 2385 1342 filippi
2412 1263 2658 1323 fratrisui
2676 1296 2691 1312 ·
2955 1264 3088 1325 licet
3110 1266 3415 1326 dimidium

635 1376 854 1437 genero
881 1376 990 1420 suo
1018 1367 1075 1418 et
1100 1360 1162 1418 in
1389 1354 1580 1416 domis
1608 1364 1667 1415 et
1696 1366 1901 1434 gom0r
2200 1359 2337 1435 quia
2365 1356 2608 1418 duxerat
2633 1365 2710 1420 eii
2955 1359 3123 1437 regni
3150 1362 3267 1420 mei
3287 1392 3302 1407 ·
3327 1392 3342 1408 ·
3384 1362 3430 1396 ²⁴
3445 1379 3562 1439 que

637 1453 819 1513 domo
847 1471 954 1513 sua
976 1484 991 1500 .
1017 1485 1031 1501 .
1089 1453 1112 1486 ⁶
1128 1463 1187 1513 et
1214 1471 1295 1513 no
1387 1449 1466 1507 ris
1493 1449 1555 1507 in
1583 1449 1677 1509 die
1705 1450 1904 1510 iudicii
2198 1459 2477 1524 uxorem·
2561 1452 2603 1487 ¹⁸
2622 1453 2768 1514 Dice
2957 1471 3094 1512 cum
3123 1455 3338 1515 exisset
3365 1455 3465 1515 dix

636 1546 743 1606 luit
767 1547 847 1607 ibi
873 1548 1145 1607 uirtutem
1388 1560 1567 1620 quam
1596 1543 1673 1603 illi
1701 1544 1875 1605 ciuita
2199 1547 2301 1605 bat
2327 1547 2485 1606 enim
2513 1546 2693 1606 iohan
2956 1547 2999 1605 it
3026 1550 3194 1607 matri
3224 1566 3364 1609 suae

637 1640 882 1701 multam
908 1639 1097 1701 facere
1118 1672 1133 1689 ·
1388 1637 1431 1697 ti
1452 1668 1467 1684 ·
1489 1668 1503 1683 ·
1548 1636 1651 1697 ¹²et
1668 1638 1971 1700 Exeuntes
1988 1657 2092 1717 pre
2199 1657 2307 1699 nes
2335 1639 2539 1699 herodi
2570 1641 2718 1717 quia·
2956 1641 3099 1717 quid
3127 1653 3322 1718 petam
3347 1674 3361 1690 ·
3413 1645 3494 1704 At
3521 1642 3560 1703 il

640 1735 767 1795 Nisi
794 1752 1017 1813 paucos
1044 1735 1297 1796 infirmos
1321 1765 1335 1782 ·
1386 1731 1769 1809 predicabant
1798 1742 1862 1792 ut
2199 1750 2323 1793 non
2352 1733 2567 1793 licetibi
2595 1734 2746 1795 habe
2955 1733 3013 1794 la
3040 1735 3182 1795 dixit
3205 1768 3220 1783 ·
3304 1736 3489 1815 kaput

637 1847 866 1907 ponens
892 1846 1133 1888 manum
1161 1847 1236 1889 cu
1388 1826 1770 1902 penitentiam
1812 1846 1849 1886 a
2197 1845 2259 1886 re
2287 1845 2529 1887 uxorem
2559 1827 2645 1888 fra
2956 1828 3227 1889 iohannis
3254 1832 3446 1908 baptis

635 1923 784 1982 rauit
799 1954 815 1971 ·
878 1924 900 1957 ⁸
922 1932 980 1983 et
1006 1924 1229 1983 miraba
1388 1930 1592 1996 gerent
1658 1912 1703 1953 ¹⁸
1719 1921 1799 1980 Et
1827 1920 1901 1981 ali
2198 1922 2299 1980 tris
2328 1922 2410 1980 tui
2433 1953 2448 1968 ·
2470 1952 2484 1968 ·
2507 1953 2522 1969 ·
2567 1916 2612 1956 ²⁹
2632 1922 2800 1981 Hero
2956 1932 3049 1982 tae
3075 1953 3089 1969 ·
3114 1954 3128 1970 ·
3153 1955 3168 1971 ·
3233 1922 3278 1957 ²⁶
3296 1924 3568 2003 Cumque

636 2027 726 2077 tur
753 2026 994 2095 propter
1019 2018 1077 2075 in
1390 2014 1488 2090 qui
1516 2032 1589 2072 ex
1620 2013 1731 2074 illis
1759 2015 1881 2073 mul
2198 2014 2324 2074 dias
2353 2024 2547 2074 autem
2577 2016 2746 2076 insidi
2954 2016 3245 2077 introisset
3272 2018 3349 2077 ad
3376 2038 3437 2079 re

637 2111 969 2171 credulitate
991 2111 1157 2171 illorfi
1175 2144 1257 2155 —-
1388 2118 1448 2168 ta
1478 2108 1744 2168 demonia
1771 2109 1916 2168 eicie
2197 2110 2401 2168 abatur
2423 2108 2501 2166 illi
2582 2119 2641 2168 et
2952 2128 3091 2186 gem
3109 2142 3123 2157 ·
3188 2112 3268 2171 ait
3296 2112 3500 2174 confes

588 2206 620 2243 '⁸'
636 2203 715 2266 Et
741 2206 1020 2265 circuibat
1047 2223 1145 2266 cas
1368 2201 1532 2269 ,bant
1556 2235 1569 2250 ·
1641 2213 1698 2262 et
1724 2221 1922 2280 uguen
2196 2202 2477 2281 querebat
2508 2203 2637 2263 occi
2951 2205 3056 2263 tim
3080 2234 3095 2250 ·
3179 2205 3257 2265 da
3282 2206 3422 2265 mihi
3450 2206 3545 2267 hic

590 2297 773 2359 *tella
799 2301 860 2358 in
884 2300 965 2359 cir
1389 2304 1477 2356 tes
1504 2296 1641 2356 oleo
1670 2297 1885 2358 multos
2197 2296 2335 2356 dere
2363 2314 2500 2356 eum
2569 2306 2627 2356 et
2655 2314 2781 2357 non
2951 2297 3012 2356 in
3041 2298 3205 2359 disco
3233 2298 3416 2377 kaput

526 2384 527 2387 '
590 2391 620 2425 ¹⁸¹
640 2394 795 2454 cuitu
822 2394 1046 2454 docens
1069 2426 1084 2442 ·
1388 2400 1623 2467 egrotos
1651 2409 1867 2451 sanaue
2195 2400 2425 2468 poterat
2443 2422 2458 2437 ·
2478 2421 2492 2438 ·
2514 2421 2528 2438 ·
2572 2389 2617 2425 ²⁰
2633 2391 2777 2451 hero
2952 2391 3221 2454 iohannis
3250 2393 3537 2473 baptistae

636 2525 661 2562 '¹
676 2527 755 2588 Et
784 2527 1128 2588 conuocatis
1156 2526 1274 2587 duo
1387 2532 1520 2582 runt
1543 2554 1557 2570 ·
1616 2522 1902 2584 ¹⁴Audiuit
2197 2523 2303 2584 des
2331 2532 2527 2583 autem
2555 2524 2693 2584 time
2953 2520 2997 2557 ’⁶
3013 2522 3089 2583 Et
3116 2526 3483 2587 contristatus
3511 2527 3605 2589 fac

637 2620 829 2682 decim
856 2620 1153 2698 discipulis
1177 2652 1191 2668 ·
1388 2625 1583 2677 autem
1610 2617 1860 2678 herodes
2197 2618 2298 2677 bat
2323 2617 2641 2677 iohannem
2660 2648 2674 2665 ·
2954 2627 3046 2677 tus
3075 2630 3161 2678 est
3188 2638 3291 2680 rex
3317 2650 3332 2667 ·
3416 2640 3567 2700 prop

637 2715 831 2793 coepit
851 2714 980 2790 illos
1006 2715 1113 2774 mit
1388 2729 1489 2770 rex
1516 2742 1530 2758 ·
1615 2712 1928 2773 manifestii
2198 2712 2391 2772 sciens
2419 2729 2555 2771 eum
2586 2711 2766 2770 uiru-
2952 2721 3038 2771 ter
3064 2712 3463 2774 iusiurandum

635 2818 756 2868 tere
784 2808 956 2867 binos
985 2808 1157 2869 binos
1176 2840 1190 2856 ·
1388 2806 1546 2865 enim
1576 2817 1698 2866 erat
1724 2824 1950 2867 nomen
2196 2806 2415 2864 iustum
2443 2814 2500 2865 et
2529 2812 2656 2865 scm
2951 2805 3030 2865 Et
3057 2817 3293 2885 propter
3321 2809 3493 2869 simul

635 2900 714 2961 Et
741 2902 876 2961 data
904 2902 1013 2961 illis
1042 2913 1212 2979 potes
1389 2901 1514 2959 eius
1596 2909 1654 2960 et
1681 2900 1912 2961 dicebat
2198 2910 2256 2960 et
2284 2898 2646 2960 custodiebat
2674 2905 2833 2960 eil—
2952 2900 3386 2963 discumbentes

636 3004 754 3055 tate
782 3000 996 3072 spuum
1024 2996 1085 3055 in
1388 2994 1550 3071 quod
1577 2994 1864 3055 iohannes
2195 2993 2275 3053 Et
2302 2994 2497 3055 audito
2522 3013 2596 3054 eo
2626 2994 2789 3073 quod
2951 2994 3136 3054 noluit
3161 3013 3294 3068 eam
3322 2998 3541 3059 contris

636 3089 989 3150 mundorum
1011 3121 1025 3136 ·
1310 3137 1317 3144 .
1387 3087 1637 3165 baptista
1663 3106 1825 3147 resur
2193 3087 2377 3147 multa
2406 3088 2655 3149 faciebat
2677 3119 2691 3135 ·
2950 3097 3072 3149 tare
3094 3121 3109 3136 ·
3193 3087 3331 3151 ²⁷Et
3359 3093 3609 3154 consesti

635 3181 657 3216 ⁸
675 3182 1009 3260 Precipiens
1035 3182 1120 3243 eis
1146 3201 1224 3243 ne
1387 3182 1533 3241 rexit
1562 3200 1597 3240 a
1625 3184 1868 3242 mortuis
1890 3214 1904 3229 ·
2194 3192 2254 3242 et
2279 3182 2524 3244 libenter
2550 3201 2688 3243 eum
2948 3183 3184 3244 mittens
3212 3187 3450 3262 speculu

635 3276 777 3355 quid
805 3277 1068 3336 tollerent
1389 3285 1446 3335 et
1471 3285 1781 3354 propterea
1811 3277 1874 3336 ef
2195 3276 2466 3337 audiebat
2489 3309 2503 3324 ·
2525 3309 2539 3325 ·
2566 3309 2580 3325 ·
2623 3275 2761 3337 ²1Et
2790 3284 2864 3339 οῦ
2948 3275 3188 3338 latorem
3216 3296 3392 3356 prece

636 3370 696 3429 in
725 3371 820 3429 uia
890 3371 1002 3430 nisi
1029 3370 1257 3448 uirgam
1387 3369 1654 3429 ficiuntur
1679 3370 1828 3429 uirtu
2196 3370 2321 3429 dies
2351 3381 2674 3448 opurtunus
2945 3370 3033 3447 pit
3058 3371 3270 3432 adferri
3298 3385 3475 3451 caput

636 3474 862 3524 tantum
884 3495 899 3510 ·
983 3483 1106 3525 non
1132 3483 1208 3542 pe
1387 3472 1475 3522 tes
1502 3463 1562 3521 in
1590 3463 1688 3524 illo
1712 3495 1727 3511 ·
1786 3463 1832 3497 ¹⁶
1849 3464 1962 3523 Alii
1991 3482 2066 3525 au
2196 3465 2515 3524 accedisset
2534 3496 2549 3512 ·
2635 3465 2734 3525 He
2947 3464 3069 3525 eius
3089 3496 3103 3512 ·
3165 3465 3341 3543 Isque
3369 3468 3509 3527 abiit

635 3576 763 3618 ram
782 3592 795 3605 ·
874 3576 998 3618 non
1031 3564 1183 3636 pane
1211 3588 1225 3605 ·
1389 3567 1508 3617 tem
1536 3557 1805 3617 dicebant
1832 3558 1984 3636 qu⁰d
2196 3558 2366 3618 rodes
2395 3558 2603 3618 natalis
2946 3567 3005 3616 et
3033 3557 3343 3619 decollauit
3370 3560 3470 3620 illu

637 3671 827 3731 neque
854 3653 915 3711 in
942 3671 1094 3714 zona
1122 3670 1223 3713 aes
1247 3683 1262 3699 ·
1388 3650 1570 3710 helias
1599 3662 1688 3711 est
1769 3651 1888 3710 Alii
1914 3671 1987 3711 ue
2196 3652 2286 3710 sui
2315 3670 2524 3710 cenam
2552 3650 2687 3711 fecit
2945 3651 3008 3710 in
3036 3669 3333 3712 carcerem
3357 3685 3372 3700 ·
3458 3652 3502 3689 ²⁸
3519 3656 3601 3717 Et

637 3747 660 3781 ⁹
676 3747 782 3807 sed
808 3747 1081 3807 calciatos
1111 3764 1220 3806 san
1389 3764 1456 3806 ro
1484 3745 1757 3804 dicebant
1784 3746 1919 3823 quia
2195 3745 2544 3822 principibus
2568 3777 2582 3793 ·
2653 3755 2713 3805 et
2946 3745 3131 3804 attulit
3157 3748 3351 3824 capud
3377 3749 3500 3809 eius

639 3840 804 3901 daliis
823 3874 836 3888 ·
859 3872 874 3889 ·
933 3851 990 3901 et
1017 3859 1093 3900 ne
1121 3841 1265 3901 indu
1388 3839 1614 3918 profeta
1640 3850 1728 3899 est
1754 3857 1872 3916 qua
2194 3838 2437 3898 tribunis
2456 3869 2471 3884 ·
2531 3848 2589 3898 et
2616 3839 2707 3915 pri
2945 3839 3006 3897 in
3036 3839 3191 3901 di⁸co
3219 3858 3278 3901 et
3305 3842 3465 3904 dedit

636 3944 867 3995 crentur
893 3937 1039 3996 duas
1390 3934 1436 3992 si
1464 3951 1615 3992 unus
1643 3953 1716 3993 ex
1745 3933 1911 4011 profe
2193 3933 2306 3991 mis
2333 3930 2578 4008 galileae
2600 3963 2615 3978 ·
2945 3933 3168 4010 puellae
3191 3965 3206 3981 ·
3275 3936 3470 4012 puella

636 4031 862 4091 tunicas
885 4062 898 4078 ·
921 4062 934 4077 ·
956 4060 971 4077 ·
1015 4027 1060 4062 ¹⁰
1076 4038 1134 4089 et
1160 4028 1299 4089 dicit
1390 4027 1462 4086 tis
1482 4058 1496 4074 ·
1558 4026 1601 4060 ¹⁶
1619 4026 1757 4100 Quo
1789 4027 1988 4087 audito
2193 4023 2238 4057 ²²
2256 4024 2523 4103 Cumque
2551 4017 2757 4088 introis
2945 4036 3140 4086 autem
3169 4027 3326 4089 dedit
3352 4029 3452 4089 illu

637 4125 721 4183 eis
748 4141 1118 4201 quocumque
1387 4120 1635 4181 herodes
1663 4122 1741 4180 ait
1760 4153 1774 4169 ·
1858 4126 1975 4199 que
2192 4129 2281 4180 set
2308 4119 2425 4179 filia
2452 4120 2634 4197 ipsius
2945 4122 3113 4180 matri
3140 4141 3278 4182 suae
3301 4155 3315 4172 ·
3342 4155 3357 4172 ·
3442 4125 3489 4160 ¹⁹
3505 4144 3629 4206 quo

635 4215 963 4276 introieritis
990 4217 1070 4276 do
1384 4234 1500 4293 ego
1529 4215 1776 4275 decollui
1803 4215 1898 4276 hic
2192 4214 2522 4275 herodiadis
2554 4225 2614 4276 et
2946 4215 3148 4277 audito
3170 4217 3438 4297 discipuli

634 4327 799 4370 mum
826 4309 938 4370 illic
966 4328 1141 4370 mane
1383 4319 1472 4370 est
1498 4310 1784 4370 iohannes
1802 4340 1815 4356 ·
2192 4308 2457 4368 saltasset
2483 4319 2542 4369 et
2567 4310 2666 4388 pla
2944 4310 3068 4371 eius
3095 4324 3379 4374 uenerunt

633 4412 692 4462 te
721 4402 910 4464 donec
944 4404 1160 4464 exeatis
1181 4404 1316 4466 inde
1382 4405 1477 4466 hic
1507 4404 1751 4464 surrexit
2192 4403 2405 4465 cuisset
2428 4404 2634 4466 herodi
2946 4414 3005 4465 et
3033 4405 3282 4467 tulerunt
3309 4426 3527 4487 corpus
