4414 4917
785 326 867 377 22

492 487 732 537 Polam.
782 502 919 544 cum
949 482 1207 542 tristitia·
1253 481 1352 541 ‘fa

781 579 932 636 ciem
961 595 1105 653 ergo
1134 575 1277 635 caeli
1306 586 1411 635 n⁰s

780 671 854 730 tis
882 671 1186 730 aestimare
1207 701 1221 716 ·

684 846 691 851 .
782 764 965 841 Signa
993 775 1188 823 autem
1216 774 1335 823 tem

780 877 993 937 porum
1023 877 1144 918 non
1178 876 1258 934 po

780 954 940 1013 testis
960 984 975 999 ·
1021 971 1239 1028 genera

780 1047 861 1105 tio
890 1045 1046 1105 mala
1072 1056 1129 1105 et
1157 1045 1353 1104 adulte

780 1158 846 1199 ra
873 1140 1102 1215 signum
1130 1156 1281 1215 quae

779 1233 852 1292 rit
878 1244 936 1293 et
965 1233 1194 1309 signum
1225 1242 1337 1291 n⁰n

781 1326 1007 1385 dabitur
1034 1326 1123 1385 ei·
1167 1326 1277 1384 nisi

784 1422 1017 1496 signum
1044 1420 1181 1478 ione
1211 1438 1319 1496 pro

783 1513 968 1573 saetae
988 1544 1003 1560 ·
1047 1523 1106 1571 et
1133 1513 1269 1573 relic

783 1608 856 1669 tis
884 1606 992 1665 illis
1022 1607 1162 1665 abiit
1181 1638 1195 1653 ·
1255 1606 1373 1666 ‘Et

783 1720 920 1761 cum
947 1701 1244 1760 uenissent

784 1795 1049 1872 discipuli
1076 1796 1198 1853 eius
1228 1805 1380 1855 trans
1427 1851 1433 1857 .

781 1889 991 1948 fretum
1020 1889 1185 1948 obliti

784 1993 917 2041 sunt
945 2000 1129 2059 panes
1158 1999 1324 2042 sume

782 2096 843 2137 re
865 2108 880 2123 ·
926 2077 1051 2135 ⁶ihs
1084 2087 1277 2136 autem

781 2170 925 2230 dixit
949 2170 1057 2229 illis
1077 2201 1090 2216 ·
1133 2170 1323 2229 uidete

783 2407 842 2456 et
871 2396 1124 2457 atendite
1152 2416 1189 2455 a
1216 2397 1302 2457 fer

784 2503 985 2551 mento
1014 2491 1282 2568 pharisae

783 2603 954 2646 orum
981 2596 1040 2644 et
1068 2587 1327 2646 sadduce

730 2745 739 2750 ,
783 2698 953 2740 orum
974 2710 988 2726 ·
1040 2680 1153 2738 ''illi
1183 2700 1326 2757 ergo

784 2774 1120 2851 cog-itabant
1145 2775 1295 2832 intra

784 2886 846 2926 se
875 2868 1135 2926 dicentes
1202 2868 1338 2944 quia

784 2979 971 3038 panes
998 2978 1122 3020 non
1151 2962 1332 3020 sumsi

785 3073 917 3114 mus
936 3086 950 3100 ·
995 3054 1238 3114 ⁸Sciens
1269 3073 1344 3114 au

783 3159 903 3209 tem
932 3149 1020 3207 ihs
1049 3150 1191 3208 dixit

785 3243 924 3320 quid
953 3243 1217 3320 cogitatis

785 3339 934 3397 intra
960 3355 1069 3397 uos
1096 3355 1200 3396 mo

787 3432 914 3491 dice
944 3431 1078 3491 fidei
1097 3463 1111 3479 ·

784 3527 922 3603 quia
948 3545 1132 3603 panes
1163 3545 1285 3587 non
1313 3546 1350 3586 a

785 3621 968 3679 betis·
1012 3622 1326 3680 ¹'nondum

784 3714 1094 3789 intelligitis
1148 3733 1224 3774 ne

785 3826 899 3884 que
930 3808 1275 3868 meministis

789 3901 1062 3979 Quinque
1084 3920 1268 3979 panes
1296 3912 1354 3963 et

785 3997 1041 4074 quinque
1063 3996 1219 4055 milia
1250 3996 1330 4057 ho

786 4091 1012 4148 minum
1030 4121 1044 4136 ·
1089 4101 1147 4149 et
1175 4089 1337 4166 quod

787 4182 1013 4244 cofinos
1047 4185 1330 4243 sumsistis

2069 306 2441 369 SECUND
2466 338 2480 354 ·

1538 478 1583 512 ¹⁰
1599 477 1810 557 Neque
1839 490 2065 556 septem
2095 498 2173 557 pa

1536 591 1644 633 nes
1734 585 1790 633 et
1818 585 2022 651 quattu

1535 686 1603 727 or
1631 668 1786 726 milia
1814 667 2057 727 hominii

1536 771 1594 819 et
1621 761 1781 837 quod
1810 779 1951 839 spor

1536 863 1622 912 tas
1651 855 1930 914 sumsistis
1949 887 1963 901 ·

1534 945 1576 980 ¹¹
1597 947 1917 1019 Quomodo
1945 967 2067 1009 non
2095 950 2154 1008 in

1535 1041 1783 1119 telligitis
1811 1043 1949 1118 quia

1536 1146 1640 1193 n0¹1
1670 1136 1743 1195 de
1773 1155 1925 1213 pane
1955 1137 2074 1196 dixi
2101 1155 2180 1196 uo

1535 1231 1624 1288 bis
1653 1230 1967 1290 adtendere
1990 1262 2004 1277 ·

1536 1320 1933 1383 adtenditefidi

1537 1435 1572 1476 a
1601 1417 1891 1478 fermento

1536 1509 1871 1569 fariseorum

1537 1615 1593 1665 et
1622 1605 1987 1665 sadduceorfi
2010 1638 2025 1653 ·

1536 1698 1581 1730 ¹²
1598 1698 1772 1759 Tunc
1800 1700 2068 1759 intellexe

1537 1803 1670 1851 runt
1696 1795 1833 1869 quia
1862 1813 1986 1853 non

1538 1888 1681 1947 dixit
1708 1888 2023 1948 adtendere

1536 2000 1572 2041 a
1601 1981 1886 2042 fermento
1915 1983 2084 2059 panis
2102 2014 2116 2030 ·

1539 2076 1642 2135 sed
1673 2076 1749 2136 ad
1777 2077 2042 2137 doctrina

1535 2170 1906 2229 farisaeorum
1940 2176 2000 2230 et

1538 2265 1961 2324 sadduceorum
1982 2296 1996 2311 ·
2015 2288 2095 2316 w
2117 2298 2129 2312 ·

1488 2400 1518 2433 ¹⁸¹
1538 2399 1581 2433 ¹⁸
1599 2396 1862 2457 Ueniens
1890 2409 2083 2456 autem
2114 2396 2204 2455 ihs
2229 2431 2240 2444 ·

1489 2492 1597 2552 ¹'‘in
1627 2501 1852 2569 partem
1892 2509 2161 2550 cesaraee

1490 2587 1520 2620 ¹⁸²
1540 2586 1754 2663 filippi·
1798 2586 2011 2645 interro

1490 2680 1520 2716 *
1537 2682 1715 2758 gabat
1742 2679 2061 2757 discipulos

1489 2774 1518 2807 *
1539 2794 1677 2835 suos
1705 2774 1906 2834 dicens
1925 2805 1939 2820 ·

1538 2886 1716 2946 quem
1744 2887 1839 2928 me
1870 2868 2141 2927 homines

1540 2963 1740 3023 dicunt
1774 2981 1935 3021 esse·
1980 2962 2060 3022 fili

1537 3075 1638 3115 um
1668 3056 1920 3115 hominis
1940 3087 1954 3103 ·

1539 3149 1582 3184 ¹⁴
1601 3152 1680 3209 At
1707 3151 1785 3209 illi
1814 3150 2083 3210 dixerunt
2109 3149 2209 3227 qui

2346 478 2463 537 uiui
2489 510 2503 526 ·
2568 477 2614 512 ¹⁷
2629 488 2687 537 et
2716 495 2933 555 respon

2344 572 2491 632 dens
2520 573 2610 632 ihs
2638 573 2781 631 dixit
2807 573 2895 631 ei·

2342 667 2551 725 beatus
2578 686 2643 726 es
2670 668 2862 727 simon

2342 762 2617 819 bariona·
2662 762 2797 837 quia
2825 779 2897 818 ca

2339 873 2408 913 ro
2435 863 2494 912 et
2521 856 2756 931 sanguis
2786 864 2898 912 n0n

2343 947 2614 1007 reuelabit
2640 948 2774 1006 tibi·
2822 947 2940 1006 Sed

2343 1052 2509 1118 pater
2543 1060 2709 1100 meus
2736 1042 2836 1117 qui

2342 1137 2402 1193 in
2431 1136 2605 1195 caelis
2633 1146 2722 1194 est
2744 1167 2758 1181 ·
2815 1134 2857 1167 ¹⁸
2878 1146 2937 1194 et
2965 1153 2997 1194 e

2342 1247 2422 1306 go
2451 1230 2584 1289 dico
2614 1230 2716 1288 tibi
2740 1256 2752 1269 ·
2797 1231 2933 1305 quia

2310 1328 2404 1382 'tu
2432 1342 2496 1382 es
2523 1335 2721 1400 petrus
2800 1334 2858 1383 et

2342 1436 2516 1494 super
2542 1417 2698 1476 hanc
2730 1414 2954 1494 petra--

2343 1511 2672 1571 aedificabo
2700 1512 2876 1572 eclesi

2343 1624 2440 1665 am
2468 1624 2662 1664 meam
2683 1637 2696 1652 ·
2739 1617 2797 1665 et
2825 1615 2925 1683 p⁰r

2344 1710 2399 1759 te
2429 1699 2747 1759 inferorum

2344 1812 2465 1853 non
2496 1794 2916 1869 praeualebunt

2344 1887 2431 1946 ei·
2490 1887 2534 1920 ¹⁹
2549 1886 2626 1946 Et
2655 1888 2814 1947 dabo
2845 1889 2945 1949 tibi

2346 1981 2539 2041 claues
2567 1983 2730 2058 regni
2759 1982 2886 2043 celo

2347 2093 2475 2132 rum
2496 2107 2509 2121 ·
2553 2086 2610 2134 et
2639 2083 2830 2153 quecii

2346 2188 2460 2246 que
2489 2169 2756 2246 ligaueris
2784 2188 2852 2228 su

2345 2282 2451 2340 per
2483 2275 2691 2322 terram
2710 2295 2724 2310 ·

2347 2403 2516 2454 erunt
2543 2395 2719 2472 ligata
2748 2397 2808 2453 in
2836 2396 3012 2455 caelis
3031 2429 3045 2444 ·

2345 2501 2403 2549 et
2430 2508 2837 2567 quecumquae
2867 2491 2952 2551 sol

2346 2584 2495 2641 ueris
2525 2602 2696 2659 super
2725 2590 2874 2643 terra

2346 2688 2514 2736 erunt
2543 2678 2731 2736 soluta
2760 2680 2819 2736 in
2850 2698 2918 2738 ce

2347 2772 2414 2831 lis
2435 2803 2448 2818 ·
2513 2769 2557 2803 ²⁰
2575 2772 2748 2831 Tunc
2785 2774 2938 2850 impe

2348 2866 2496 2924 rauit
2524 2866 2824 2942 discipulis

2349 2959 2465 3018 suis
2494 2971 2558 3018 ut
2587 2962 2806 3019 nemini

2347 3052 2604 3112 dicerent
2631 3053 2789 3130 quod

2348 3146 2441 3205 hic
2471 3160 2560 3206 est
2588 3148 2677 3206 ihs
2706 3167 2819 3225 xps
2839 3181 2853 3195 ·
2874 3181 2888 3196 ·
2915 3175 2989 3202 J*

1538 3245 1676 3304 dam
1706 3244 2022 3304 iohannem
2128 3241 2177 3290 in
2207 3239 2392 3291 timo²¹
2411 3241 2639 3302 Exinde
2667 3246 2859 3319 coepit
2887 3245 2975 3302 ihs

1538 3340 1851 3416 baptistam
1872 3369 1886 3384 ·
1930 3339 2026 3397 alii

1538 3432 1754 3492 heliam
1774 3463 1788 3478 ·
1834 3432 1928 3490 alii
1954 3449 2098 3491 uero

1539 3526 1875 3586 hieremiam
1895 3557 1909 3572 ·
1953 3515 2052 3586 aut

1538 3639 1724 3679 unum
1752 3639 1822 3679 ex
1855 3620 2091 3697 profetis
2111 3651 2126 3667 ·

1541 3714 1585 3747 ¹⁸
1602 3715 1758 3773 Dicit
1784 3715 1894 3775 illis
1922 3713 2011 3774 ihs
2094 3733 2203 3775 uos

1542 3818 1735 3867 autem
1764 3827 1941 3887 quem
1969 3827 2065 3868 me

1540 3902 1727 3962 dicitis
1755 3921 1881 3963 esse
1901 3935 1916 3950 ·

1543 3996 1587 4031 ¹⁰
1608 3996 2006 4074 Respondens
2035 4002 2169 4057 aute

1543 4091 1734 4150 simon
1762 4101 1958 4167 petrus
1984 4090 2128 4152 dixit
2145 4124 2159 4140 ·

1540 4194 1604 4242 tu
1631 4202 1696 4244 es
1725 4202 1838 4261 xps
1865 4185 2013 4244 filius
2040 4185 2102 4245 di

2095 3308 2199 3357 thei
2216 3309 2335 3357 etin

2348 3335 2652 3395 ostendere
2681 3337 2824 3396 disci

2347 3430 2496 3507 pulis
2523 3431 2641 3490 suis
2710 3434 2847 3510 quia

2348 3535 2578 3600 oportet
2605 3544 2741 3584 eum
2771 3528 2851 3585 ire

2350 3618 2739 3696 hierosolyma
2767 3631 2825 3679 et

2349 3711 2529 3771 multa
2558 3713 2676 3789 pati
2705 3733 2740 3772 a
2769 3715 2932 3775 senio

2346 3806 2506 3864 ribus
2573 3817 2630 3866 et
2658 3809 2843 3883 princi

2346 3901 2517 3977 pibus
2545 3901 2911 3961 sacerdotu‘·

2347 4005 2406 4054 et
2433 3996 2633 4054 scribis
2656 4028 2670 4043 ·
2714 4007 2772 4057 et
2802 3997 2992 4058 occidi
3012 4030 3026 4046 ·

2349 4098 2406 4148 et
2436 4089 2600 4149 tertia
2627 4090 2718 4150 die
2746 4110 2910 4152 resur

3450 316 3612 381 [XVI.
3636 326 3801 382 3-27.

3098 494 3232 535 eum
3262 488 3458 553 petrus
3485 498 3593 539 coe

3097 572 3181 646 pit
3211 572 3508 648 increpare
3537 574 3591 632 ei

3098 664 3298 723 dicens
3323 696 3337 711 ·
3380 668 3591 743 propiti

3100 775 3168 815 us
3196 769 3322 818 esto
3350 759 3467 818 dr‘ie
3487 792 3501 806 ·
3546 780 3684 820 nam

3099 871 3220 912 non
3248 854 3434 912 eritibi
3462 854 3575 913 hoc
3597 886 3611 900 ·

3098 945 3141 978 ’θ
3159 946 3238 1006 At
3268 947 3389 1023 ipse
3419 967 3738 1009 conuersus

3100 1040 3242 1099 dixit
3269 1053 3435 1117 petro
3455 1073 3468 1088 ·
3512 1061 3588 1100 ua

3100 1134 3172 1192 de
3201 1145 3334 1210 post
3362 1153 3458 1194 me
3479 1167 3493 1181 ·
3538 1148 3662 1195 sata

3099 1245 3205 1286 nas
3235 1229 3573 1287 scandalum
3605 1249 3670 1290 es

3098 1321 3272 1380 mihi·
3317 1324 3454 1400 quia
3482 1342 3603 1384 non

3099 1417 3254 1492 sapis
3282 1434 3396 1492 que
3425 1418 3486 1476 di
3514 1429 3687 1478 sunt·

3100 1510 3203 1567 sed
3232 1528 3380 1586 quae
3408 1511 3660 1570 hominis
3681 1544 3695 1558 ·

3100 1600 3142 1635 '⁴
3163 1603 3334 1663 Tunc
3364 1604 3452 1664 ihs
3481 1605 3624 1664 dixit
3655 1607 3800 1665 disci

3098 1697 3251 1775 pulis
3279 1699 3431 1756 suis·
3477 1699 3524 1757 si
3555 1701 3683 1776 quis

3099 1791 3219 1850 uult
3249 1802 3385 1867 post
3413 1811 3508 1852 me
3537 1795 3674 1851 ueni

3098 1905 3159 1945 re
3180 1917 3194 1932 ·
3239 1887 3491 1962 abneget
3520 1906 3580 1946 se
3609 1890 3670 1964 ip

3100 1998 3231 2038 sum
3250 2012 3263 2027 ·
3308 1981 3418 2039 sibi
3438 2012 3452 2027 ·
3497 1991 3554 2040 et
3583 1982 3746 2041 tollat

3099 2093 3335 2134 crucem
3364 2092 3529 2133 suam
3559 2086 3615 2134 et
3642 2094 3705 2135 se

3099 2179 3307 2243 quatur
3334 2187 3430 2227 me
3451 2200 3465 2214 ·
3509 2169 3555 2202 ²⁶
3576 2171 3674 2246 qui
3705 2189 3738 2228 e

3098 2262 3219 2319 nim
3248 2262 3495 2322 uoluerit
3523 2264 3619 2321 ani

3100 2411 3258 2453 marn
3290 2413 3456 2453 suam
3484 2396 3710 2454 saluare

3099 2491 3302 2565 perdet
3330 2509 3461 2548 eam
3483 2523 3497 2537 ·
3541 2493 3638 2568 qui
3667 2510 3742 2550 au

3099 2593 3219 2642 tem
3248 2584 3558 2660 perdiderit

3100 2678 3357 2736 animam
3387 2696 3555 2737 suam
3585 2690 3727 2755 pr0p

3100 2781 3186 2830 ter
3212 2790 3309 2829 me
3336 2773 3595 2832 inueniet

3097 2885 3231 2925 eam
3252 2896 3267 2912 ·
3329 2864 3373 2899 ²⁶
3389 2867 3529 2944 quid
3560 2870 3717 2926 enim

3099 2960 3353 3037 proderit
3382 2962 3605 3020 homini
3624 2993 3638 3008 ·

3102 3056 3148 3113 si
3176 3055 3331 3114 hunc
3362 3055 3650 3114 mundum

3099 3148 3347 3208 lucretur
3370 3181 3383 3196 ·
3428 3151 3666 3208 anima*

3102 3253 3298 3301 autem
3328 3261 3493 3301 suam
3522 3243 3667 3303 detri

3103 3349 3363 3395 mentum
3393 3339 3637 3415 patiatur
3660 3370 3760 3384 ·—-

3102 3432 3182 3490 At
3210 3450 3387 3510 quam
3415 3433 3575 3492 dabit
3603 3433 3783 3493 homo

3102 3528 3618 3587 commutationem

3093 3607 3296 3679 'anime
3325 3639 3465 3680 suae
3490 3652 3503 3667 ·
3567 3622 3613 3656 ²⁷
3630 3640 3768 3680 nam

3100 3714 3249 3773 filius
3277 3715 3532 3775 hominis

3100 3820 3333 3868 ueturus
3361 3821 3450 3869 est
3476 3811 3537 3870 in

3101 3904 3400 3963 maiestate
3428 3904 3606 3980 patris

3101 3998 3221 4056 sui·
3267 4016 3401 4057 cum
3431 3999 3654 4074 angelis

3100 4093 3217 4152 suis
3240 4123 3255 4139 ·
3299 4093 3376 4152 Et
3403 4103 3540 4153 tunc
3571 4093 3673 4152 red

2348 4202 2487 4260 gere
2506 4214 2522 4231 ·
2572 4182 2618 4220 ²²
2634 4185 2708 4244 Et
2735 4186 3050 4248 adsumens
3100 4187 3200 4247 det
3219 4188 3529 4265 unicuique

3829 482 3952 530 1⁸01.
3975 483 4070 532 43.
