4414 4917
607 358 987 424 x1V.33-XV.
1011 355 1119 421 23.]
1936 346 1992 404 L
2006 344 2265 406 UCAN
2277 376 2290 389 ·
3540 360 3622 425 97

2262 453 2478 504 seconda
2511 451 2782 504 domeneoe

2269 528 2384 585 post
2405 520 2460 569 xl

301 614 425 665 ποι.
450 617 561 663 181.
606 602 900 664 Omnibus
934 603 1034 681 qui
1063 619 1176 681 pos
1356 601 1621 678 gaudens
1678 601 1701 635 ⁰
1720 611 1778 662 et
1804 599 1941 661 ueni
2116 598 2207 633 *¹¹
2228 601 2392 659 Dixit
2424 610 2619 658 autem
2654 600 2743 657 ihs
2918 598 3241 659 Abundant
3267 600 3470 678 panibx
3645 601 3768 650 1⁸01-
3792 603 3913 653 132.

603 697 751 757 sidet
821 717 944 757 non
973 706 1166 775 potest
1357 713 1462 754 ens
1491 696 1735 755 domum
1764 714 1877 755 con
1956 754 1961 761 ,
2116 694 2145 727 *
2163 694 2345 755 homo
2381 693 2617 771 quidam
2917 712 3033 770 ego
3063 704 3258 753 autem
3287 694 3382 754 hic
3411 694 3469 755 fa

601 809 767 852 meus
804 792 1120 868 discipulus
1355 798 1535 848 uocat
1561 791 1785 849 amicos
1813 800 1873 850 et
2115 788 2144 821 '⁸‘
2163 788 2365 847 habuit
2394 788 2543 847 duos
2572 787 2725 848 filios
2918 805 3014 845 me
3043 805 3222 865 pereo
3242 818 3257 834 ·
3301 787 3344 821 ¹⁸
3361 796 3538 866 surga

600 903 727 946 esse
748 917 763 932 ·
788 917 803 933 ·
825 918 840 932 ·
886 886 931 920 ⁸⁴
949 885 1186 945 Bonum
1214 896 1304 947 est
1353 884 1580 943 uicinos
1610 884 1811 942 dicens
2112 883 2145 920 ιιι
2164 881 2210 916 12
2226 893 2282 942 et
2310 883 2454 941 dixit
2479 882 2776 942 aduliscen
2915 889 2975 939 et
3002 880 3100 939 ibo
3127 880 3204 940 ad
3234 892 3462 958 patrem

600 979 683 1039 sal
709 1010 723 1025 ·
796 980 899 1040 sed
930 980 978 1038 si
1007 979 1094 1039 sal
1122 998 1196 1039 co
1352 976 1463 1035 illis
1486 1009 1500 1024 ·
1568 977 1924 1053 Congratula
2156 977 2270 1035 tior
2296 976 2527 1036 illorum
2557 975 2705 1052 patri
2727 1007 2743 1024 ·
2918 990 3115 1032 meum
3144 984 3200 1033 et
3229 976 3417 1035 dicam
3449 977 3489 1036 il

598 1091 712 1150 que
741 1074 1038 1133 euanuerit
1058 1105 1072 1120 ·
1352 1071 1498 1129 mini
1526 1090 1758 1130 mecum
1788 1073 1924 1148 quia
2156 1080 2320 1146 pater
2347 1070 2425 1129 da
2451 1070 2591 1128 mihi
2622 1088 2731 1147 por
2914 1066 2954 1125 li
2978 1099 2992 1114 ·
3056 1078 3218 1144 pater
3243 1072 3487 1145 peccaui

597 1166 658 1224 in
685 1184 804 1242 quo
830 1167 1135 1227 condietur
1154 1200 1168 1215 ·
1352 1164 1590 1224 inuenta
1618 1175 1708 1224 est
1734 1167 1860 1226 ouis
2155 1165 2379 1223 tionem
2405 1165 2762 1225 substantiae
2913 1161 2974 1219 in
3003 1163 3231 1222 caelum
3259 1175 3316 1223 et
3344 1177 3534 1226 cora—⁸

596 1259 851 1338 ⁸‘'neque
880 1261 941 1319 in
970 1271 1119 1320 terra
1143 1295 1156 1309 ·
1352 1276 1484 1317 mea
1512 1277 1663 1336 quae
1692 1261 1850 1336 perie
2156 1275 2308 1333 quae
2338 1276 2433 1316 me
2462 1259 2704 1335 contigit
2723 1290 2738 1306 ·
2912 1265 2970 1314 te
2991 1288 3004 1303 ·
3047 1255 3092 1290 ¹⁹
3109 1258 3227 1317 iam
3255 1278 3378 1318 non
3407 1278 3539 1320 sum

598 1373 786 1433 neque
815 1355 875 1413 in
906 1356 1116 1415 stercili
1351 1363 1439 1411 rat
1458 1384 1471 1399 ·
1499 1385 1512 1399 ·
1563 1353 1587 1387 ⁷
1606 1352 1757 1414 Dico
1787 1355 1955 1415 uobis
2153 1352 2234 1411 Et
2262 1352 2455 1411 diuisit
2482 1354 2722 1412 substan
2910 1350 3124 1427 dignus
3150 1355 3349 1413 uocari
3377 1355 3417 1413 fi

598 1466 680 1508 no
707 1449 845 1508 utile
873 1459 962 1508 est
986 1480 1001 1495 ·
1064 1449 1171 1509 sed
1352 1447 1515 1523 quod
1541 1446 1622 1506 ita
1650 1448 1866 1523 gaudiu
2153 1446 2296 1504 tiam
2319 1477 2334 1491 ·
2378 1444 2422 1477 ¹⁸
2438 1455 2496 1504 et
2522 1465 2645 1506 non
2672 1457 2806 1524 post
2910 1444 3023 1505 lius
3052 1455 3184 1505 tuus
3207 1478 3221 1493 ·
3283 1447 3401 1508 Fac
3432 1468 3531 1510 me

600 1541 753 1603 foras
783 1544 1011 1602 mittent
1038 1549 1112 1602 eu
1145 1575 1160 1590 ·
1353 1528 1463 1600 erit'
1485 1541 1547 1599 in
1576 1542 1742 1601 caelo
1771 1543 1832 1601 in
1863 1561 1903 1602 u
2154 1539 2369 1599 multos
2391 1540 2515 1599 dies
2585 1559 2702 1601 con
2911 1539 3059 1598 sicut
3085 1558 3268 1599 unum
3297 1560 3422 1602 mer

598 1638 697 1715 qui
718 1638 905 1696 habet
927 1655 1097 1697 aures
1352 1651 1432 1692 no
1461 1645 1769 1710 peccatore
1793 1654 1869 1713 pe
2153 1634 2410 1709 gregatis
2437 1634 2710 1693 omnibus
2734 1666 2749 1682 ·
2908 1636 3322 1694 cennariorum
3353 1647 3415 1696 tu

599 1731 878 1791 audiendi
900 1731 1096 1791 audiat
1118 1757 1201 1784 0-
1352 1728 1655 1788 nitentiam
1684 1729 1760 1788 ha
2154 1726 2583 1788 Aduliscentior
2611 1728 2759 1788 filius
2907 1743 3078 1786 orum
3108 1725 3364 1789 {uerum

791 1851 874 1880 ψ,
1038 1851 1120 1880 „es
1351 1822 1591 1881 bentem
1652 1841 1831 1899 quam
2152 1839 2397 1898 peregre
2424 1822 2715 1898 profestus
2907 1817 2953 1853 ²⁰
2973 1820 3051 1880 Et
3077 1840 3320 1899 surgens
3349 1826 3510 1886 uenit

547 1916 579 1952 ¹⁸²
600 1924 691 1978 15.
717 1917 742 1953 ²
759 1918 936 1979 Erant
963 1929 1157 1979 autem
1188 1920 1265 1980 ad
1352 1915 1413 1973 in
1443 1918 1764 1993 nonaginta
1792 1937 1872 1977 no
2153 1917 2323 1975 estin
2352 1918 2652 1993 regionem
2909 1914 2985 1974 ad
3013 1927 3235 1991 patrem
3263 1924 3372 1976 sut-1
3396 1950 3411 1965 ·

547 2011 579 2047 ¹⁸²
600 2014 777 2091 pliciti
802 2014 881 2072 illi
908 2032 990 2092 pu
1351 2028 1488 2069 uem
1516 2012 1679 2069 iustis
1706 2013 1806 2089 qui
2152 2009 2538 2089 longinquam
2559 2042 2574 2057 ·
2633 2012 2712 2072 Et
2741 2013 2819 2072 ibi
2908 2026 3044 2067 cum
3073 2021 3270 2070 autem
3302 2013 3497 2074 adhuc

549 2107 579 2141 '¹
600 2108 813 2186 plicani
842 2119 900 2168 et
927 2128 1110 2186 pecca
1351 2123 1475 2164 non
1504 2105 1766 2182 indigent
1791 2125 1868 2183 pe
2153 2104 2456 2181 dissipauit
2484 2107 2726 2166 substan
2907 2102 3086 2180 longe
3114 2115 3255 2165 e⁸set
3288 2107 3434 2166 uidit

598 2211 754 2263 tores
813 2213 876 2261 ut
909 2204 1175 2265 audirent
1350 2199 1651 2259 nitentiam
1669 2231 1684 2246 ·
1710 2234 1787 2245 —
2151 2198 2291 2258 tiam
2322 2217 2490 2257 suam
2516 2200 2692 2258 uiuen
2906 2197 3066 2257 illum
3096 2210 3261 2275 pater
3290 2219 3431 2261 suus

599 2296 757 2356 illum
778 2328 793 2343 ·
834 2294 933 2357 ’et
961 2315 1095 2357 mur
1351 2292 1510 2352 ¹’Aut
1536 2311 1687 2371 quae
1714 2294 1920 2354 mulier
2150 2292 2231 2352 do
2258 2291 2585 2353 luxoriosae
2604 2325 2619 2339 ·
2907 2303 2966 2351 et
2994 2293 3292 2354 misericor

597 2392 906 2450 mutabant
932 2390 1119 2451 farisei
1349 2387 1573 2447 habens
1606 2389 1880 2467 dragmas
2906 2386 3004 2446 dia
3028 2399 3224 2448 motus
3250 2399 3340 2448 est
3362 2421 3377 2437 ·

596 2534 654 2582 et
681 2524 906 2584 scribae
935 2524 1194 2585 dicentes
1349 2520 1553 2580 decem
1582 2522 1630 2580 si
1658 2522 1824 2599 perdi
2152 2517 2196 2553 ¹⁴
2216 2518 2294 2577 Et
2321 2530 2632 2598 postquam
2663 2539 2763 2581 om
2860 2517 2935 2579 Et
2962 2521 3296 2583 Accurrens
3325 2525 3443 2585 ceci

596 2617 755 2695 quod
785 2617 881 2678 hic
908 2630 1157 2696 peccato
1345 2615 1491 2674 derit
1523 2634 1704 2675 unam
1766 2635 1891 2676 non
2158 2614 2256 2673 nia
2278 2616 2602 2676 consumsit
2620 2647 2634 2662 ·
2912 2614 2992 2673 dit
3020 2632 3196 2692 supra
3228 2618 3448 2678 collum

594 2730 686 2772 res
715 2712 995 2789 reciperet
1024 2725 1083 2773 et
1345 2727 1422 2768 ne
1456 2710 1720 2770 accendit
1749 2711 1909 2770 lucer
2162 2710 2316 2768 facta
2342 2719 2432 2768 est
2460 2709 2628 2768 famis
2658 2729 2735 2770 ua
2908 2707 3033 2767 eius
3060 2719 3118 2768 et
3147 2712 3443 2772 osculatus

595 2806 970 2865 manducaret
992 2824 1130 2867 cum
1344 2821 1485 2862 nam
1559 2816 1618 2863 et
1644 2806 1841 2882 scopis
2159 2802 2276 2861 lida
2303 2821 2407 2879 per
2433 2804 2676 2880 regione
2907 2812 2997 2861 est
3022 2804 3182 2863 illum
3202 2836 3216 2851 ·
3260 2803 3304 2840 ²¹
3322 2807 3470 2869 dixit

594 2899 705 2958 illis
726 2931 740 2946 ·
768 2932 782 2947 ·
827 2900 942 2960 ⁸Et
969 2902 1051 2962 ait
1077 2901 1153 2962 ad
1182 2901 1223 2961 il
1344 2896 1649 2957 mundabit
1677 2899 1859 2958 domu
2157 2896 2315 2955 illam
2377 2906 2434 2956 et
2462 2898 2659 2974 coepit
2909 2908 3106 2957 autem
3139 2901 3191 2959 ei
3220 2901 3368 2962 filius
3391 2933 3408 2949 ·

593 2991 682 3053 los
710 2994 1080 3055 similitudine
1342 2999 1399 3049 et
1428 2993 1649 3068 quaerit
1678 2991 1893 3069 diligen
2158 3002 2217 3051 et
2244 2991 2366 3068 ipse
2393 3009 2567 3068 egere
2598 3023 2614 3037 ·
2906 3002 3071 3067 pater
3098 2998 3344 3070 peccaui
3370 2997 3433 3057 in

594 3086 747 3148 hanc
777 3089 978 3149 dicens
1002 3122 1017 3137 .
1344 3094 1430 3143 ter
1458 3085 1648 3144 donec
1676 3086 1811 3146 inue
2159 3085 2203 3120 ¹⁶
2221 3086 2298 3144 Et
2327 3086 2468 3145 abiit
2494 3097 2551 3145 et
2579 3087 2839 3149 adiunxit
2905 3088 3133 3147 caelum
3161 3100 3220 3150 et
3245 3110 3451 3152 coram

594 3180 618 3214 ⁴
635 3182 785 3260 Quis
813 3201 887 3242 ex
908 3184 1080 3243 uobis
1108 3184 1292 3245 homo
1345 3179 1467 3238 niat
1489 3211 1504 3225 ·
1548 3179 1571 3213 ⁹
1589 3179 1669 3238 Et
1696 3199 1831 3239 cum
1859 3180 1921 3238 in
2149 3198 2214 3240 se
2233 3212 2248 3227 ·
2308 3180 2540 3240 cuidam
2570 3181 2723 3240 ciuifi
2903 3191 2962 3240 te
3004 3184 3123 3242 iam
3151 3204 3274 3245 non
3303 3205 3435 3247 sum

595 3276 693 3353 qui
719 3276 894 3336 habet
925 3288 1149 3337 centu*
1345 3274 1573 3333 uenerit
1603 3284 1850 3334 couocat
2149 3276 2407 3352 regionis
2435 3276 2584 3334 illius
2644 3275 2724 3336 Et
2904 3275 3116 3352 dignus
3144 3282 3343 3340 uocari
3373 3282 3414 3340 fi

594 3388 739 3429 oues
757 3402 773 3416 ·
832 3380 889 3430 et
911 3372 960 3430 si
988 3389 1117 3431 erra
1347 3369 1567 3427 amicas
1596 3379 1652 3428 et
1681 3369 1904 3428 uicinas
2150 3369 2242 3428 his
2269 3369 2424 3429 misit
2450 3370 2612 3428 illum
2647 3371 2708 3429 in
2904 3370 3054 3430 filius
3084 3384 3215 3432 tuus
3234 3405 3249 3421 ·

593 3465 740 3524 uerit
768 3482 888 3524 una
913 3484 986 3524 ex
1014 3467 1099 3525 eis
1346 3463 1548 3522 dicens
1582 3482 1806 3539 congra
2150 3464 2285 3523 uilla
2312 3483 2418 3524 sua
2445 3475 2509 3524 ut
2538 3483 2716 3540 pasce
2902 3461 3124 3525 ”Dixit
3153 3479 3350 3528 autem
3382 3479 3549 3547 pater

592 3576 715 3618 non
742 3559 995 3619 dimittat
1024 3579 1105 3620 no
1345 3557 1607 3616 tulamini
1642 3558 1783 3616 mihi
2151 3567 2240 3617 ret
2267 3576 2481 3636 porcos
2504 3589 2518 3604 ·
2563 3557 2606 3591 ¹⁶
2625 3559 2704 3617 Et
2733 3578 2807 3619 cu
2903 3559 3029 3618 eius
3058 3560 3132 3619 ad
3161 3579 3363 3623 seruos

593 3654 837 3729 naginta
864 3672 1085 3713 nouem
1345 3651 1508 3728 quod
1535 3652 1734 3710 inueni
1765 3652 1910 3729 drag
2151 3653 2349 3729 piebat
2370 3651 2610 3728 implere
2905 3671 3045 3714 suos
3104 3656 3218 3716 cito
3252 3674 3363 3734 pro

593 3746 654 3805 in
683 3747 915 3808 deserto
974 3759 1032 3807 et
1055 3751 1131 3808 ab
1345 3764 1505 3805 mam
1533 3764 1712 3823 quarn
1741 3747 1909 3823 perdi
2151 3756 2419 3806 uentrem
2437 3763 2610 3804 suum
2903 3746 3044 3808 ferte
3072 3750 3280 3810 stolam
3307 3752 3404 3811 illa

592 3840 695 3900 ibit
721 3842 796 3900 ad
824 3842 983 3901 illam
1012 3861 1163 3922 quae
1348 3840 1408 3900 di
1429 3872 1443 3887 ·
1485 3837 1533 3871 ¹⁰
1550 3841 1628 3899 ita
1656 3839 1789 3899 dico
1819 3841 1988 3900 uobis
2153 3840 2228 3900 de
2256 3839 2474 3917 siliquis
2503 3856 2652 3916 quas
2904 3843 3154 3920 primam
3183 3855 3241 3904 et
3267 3845 3410 3905 indu

590 3937 802 3995 errauit
831 3935 1023 3997 donec
1346 3934 1628 4012 gaudium
1660 3935 1763 3993 erit
1793 3953 1868 3994 co
2151 3935 2316 4012 porci
2344 3933 2637 3993 manduca
2905 3938 2982 3995 ite
3013 3937 3174 3997 illum
3196 3969 3211 3984 ·
3271 3949 3330 3998 et
3356 3938 3490 3999 date

590 4029 847 4089 inueniat
874 4048 1009 4089 earn
1347 4047 1475 4088 ram
1504 4028 1725 4105 angelis
1755 4028 1813 4087 di
2152 4029 2296 4087 bant
2323 4037 2381 4087 et
2402 4045 2581 4087 nemo
2611 4028 2692 4086 illi
2906 4031 3145 4091 anulum
3173 4032 3233 4090 in
3262 4051 3443 4092 manu

590 4122 614 4156 ⁸
635 4134 693 4182 et
720 4143 858 4184 cum
889 4125 1174 4187 inuenerit
1348 4142 1524 4200 super
1551 4129 1857 4200 peccatore
2154 4122 2329 4181 dabat
2352 4154 2366 4169 ·
2408 4120 2454 4154 ¹⁷
2471 4122 2531 4180 in
2561 4138 2626 4182 se
2654 4127 2787 4181 auti}
2905 4127 3030 4185 eius
3092 4134 3151 4186 et
3179 4126 3502 4187 calciamen

589 4236 720 4277 eam
748 4218 983 4296 inponit
1011 4230 1131 4279 ea‘·
1348 4217 1767 4295 paenitentiam
1794 4216 1872 4276 ha
2153 4234 2421 4276 reuersus
2456 4214 2599 4275 dixit
2627 4234 2788 4295 quan
2905 4230 2965 4279 ta
2991 4220 3052 4279 in
3079 4221 3262 4297 pedes
3280 4250 3296 4269 ·
3338 4218 3459 4282 ”et
3491 4219 3570 4282 ad

587 4311 647 4370 in
674 4329 912 4373 umeros
940 4330 1077 4373 suos
1430 4339 1512 4368 „es
1531 4313 1769 4372 bentem
1786 4337 1868 4371 φ
2153 4312 2195 4371 ti
2226 4311 2609 4371 mercennarii
2639 4311 2819 4388 patris

2687 4407 2805 4467 mei
3243 4416 3282 4458 o
