4414 4917
779 334 902 395 124

469 483 594 533 ποι.
616 486 737 537 1'18.
764 494 786 526 ⁹
802 493 879 552 Et
908 492 1121 553 descen

765 588 1033 648 dentibus
1063 589 1172 647 illis

763 682 839 742 de
868 693 1068 742 monte
1152 702 1256 760 pre

762 778 916 855 cepit
945 778 1053 837 illis
1083 796 1160 837 ne
1188 778 1280 837 cui

759 890 908 948 quae
937 872 1216 932 uidissent

756 977 1054 1025 narrarent
1073 998 1087 1013 ·
1148 968 1260 1025 nisi

756 1079 893 1121 cum
921 1060 1070 1119 filius
1097 1059 1262 1120 homi

756 1156 847 1215 nis
877 1173 913 1214 a
941 1155 1185 1214 mortuis
1214 1173 1274 1214 re

752 1250 1093 1307 surrexisset
1116 1279 1130 1295 ·

749 1341 793 1375 ¹⁰
811 1343 888 1402 Et
916 1345 1161 1401 uerbum
1190 1342 1347 1400 conti

749 1445 1000 1496 nuerunt
1029 1436 1183 1513 apud
1214 1454 1277 1494 se
1297 1467 1311 1481 ·

753 1531 1164 1607 conquirentes

756 1624 899 1701 quid
926 1633 1077 1683 esset
1105 1643 1140 1682 a
1177 1642 1306 1682 mor

753 1719 867 1777 tuis
896 1737 1196 1794 resurgere

755 1814 797 1846 ¹¹
814 1812 889 1871 Et
918 1814 1280 1888 interrogaue

752 1917 888 1965 runt
916 1925 1053 1966 eum
1082 1907 1253 1966 dicen

752 2011 842 2061 tes
866 2028 878 2041 ·
952 2019 1131 2078 quare
1155 2001 1354 2060 dicunt

752 2097 974 2154 scribae
1062 2094 1274 2153 heliam

750 2199 981 2266 oportet
1011 2190 1199 2265 primu

751 2284 951 2342 uenire
972 2315 986 2329 ·
1049 2283 1090 2317 ¹²
1105 2283 1183 2341 Et
1211 2302 1272 2342 re

749 2377 1044 2454 spondens
1073 2377 1215 2436 dixit
1245 2377 1352 2436 illis

750 2508 956 2569 Helias
986 2511 1230 2569 ueniens

748 2604 940 2680 primo
968 2605 1165 2663 restitu

746 2706 806 2754 et
833 2698 1033 2756 omnia
1052 2730 1066 2744 ·
1089 2729 1103 2744 ·
1125 2729 1139 2744 ·
1183 2707 1240 2756 et
1269 2716 1390 2774 quo

749 2787 915 2849 mod0
944 2791 1223 2867 scriptum
1253 2802 1341 2849 est

747 2901 922 2960 super
951 2884 1132 2942 filium
1161 2884 1240 2942 ho

747 2978 924 3034 minis
951 2986 1013 3035 ut
1042 2978 1223 3036 multa

744 3070 996 3148 patiatur
1077 3079 1134 3129 et
1164 3089 1279 3129 con

745 3173 1036 3223 temnatur
1057 3196 1071 3211 ·
1138 3163 1180 3196 ¹³
1202 3164 1321 3224 Sed

743 3257 880 3317 dico
907 3257 1077 3317 uobis
1101 3290 1115 3305 ·
1174 3258 1312 3336 quia

742 3363 801 3411 et
829 3351 1011 3411 helias
1041 3353 1202 3411 uenit
1227 3384 1241 3399 ·

740 3454 800 3504 et
828 3444 1089 3505 fecerunt
1118 3446 1196 3504 illi

742 3549 963 3615 quanta
995 3540 1334 3600 uoluerunt·

743 3634 896 3693 sicut
925 3635 1202 3712 scriptum

741 3737 829 3787 est
857 3728 929 3787 de
958 3728 1057 3787 illo
1078 3760 1091 3774 ·
1114 3760 1127 3774 ·

740 3819 784 3855 ¹⁴
803 3821 880 3879 Et
908 3839 1045 3881 cum
1073 3822 1329 3882 uenisset

741 3934 778 3974 a
798 3915 1116 3992 discipulos
1139 3917 1199 3974 ui

740 4010 824 4069 dit
853 4013 1084 4069 turbam
1112 4028 1254 4086 mag

740 4122 881 4162 nam
910 4122 1045 4163 cum
1074 4104 1184 4163 illis
1209 4135 1223 4150 ·

741 4207 799 4256 et
828 4198 1048 4257 scribas
1077 4217 1191 4257 con

737 4292 1032 4368 quirentes
1060 4309 1198 4349 cum
1226 4292 1310 4352 eis
1330 4325 1344 4338 ·

2134 322 2377 384 SEC2·

1522 496 1829 558 multitudo
1857 498 1986 556 uiso

1520 594 1616 653 illo
1644 594 1878 672 expauit
1903 625 1917 640 ·
1984 603 2043 652 et

1519 686 1885 748 adcurrentes
1916 687 2041 746 salu

1516 792 1787 841 tauerunt
1815 800 1949 842 eum
1972 816 2014 826 -

1514 875 1558 909 ¹⁶
1575 875 1650 934 Et
1678 877 2054 954 interrogauit

1511 989 1616 1030 eos
1685 971 1825 1048 quid
1847 971 1994 1029 inter

1509 1082 1618 1123 uos
1647 1065 1988 1141 conquiritis
2007 1095 2022 1111 ·

1512 1157 1555 1190 ¹⁷
1571 1158 1649 1216 Et
1676 1159 1974 1235 respondit
2000 1160 2054 1218 ei
2077 1178 2116 1217 u

1511 1271 1620 1311 nus
1650 1253 1722 1312 de
1752 1255 1921 1312 turba
1951 1284 1966 1299 ·

1509 1346 1790 1425 Magister
1810 1347 1970 1405 attuli

1508 1441 1690 1499 filium
1719 1459 1916 1500 meum
1946 1440 2022 1500 ad

1509 1544 1562 1593 te
1592 1534 1908 1594 habentem
1937 1540 2071 1609 spm

1510 1629 1863 1689 inmundum
1884 1661 1898 1674 ·
1964 1628 2007 1661 ¹⁸
2026 1629 2129 1706 qui

1512 1723 1902 1799 ubicumquae
1932 1740 2069 1781 eum

1509 1816 1958 1891 adprehenderit

1509 1910 1709 1968 adlidit
1735 1928 1869 1968 eum
1898 1919 1955 1968 et
1984 1928 2096 1986 spu

1509 2014 1589 2062 tat
1612 2036 1626 2049 ·
1686 2004 1765 2062 Et
1792 2002 1986 2062 stridet

1508 2099 1774 2157 dentibus
1804 2107 1862 2156 et
1889 2116 2013 2157 ares

1508 2193 1585 2251 cit
1609 2224 1623 2238 ·
1687 2192 1765 2250 Et
1795 2190 1913 2249 dixi
1943 2191 2085 2250 disci

1507 2285 1659 2362 pulis
1690 2287 1805 2345 tuis
1826 2297 1890 2344 ut
1920 2286 2043 2345 eice

1506 2390 1634 2439 rent
1659 2379 1822 2438 illum
1905 2389 1962 2438 et
1990 2398 2113 2438 non

1506 2522 1821 2590 potuerunt

1506 2607 1548 2640 ¹⁰
1575 2606 1651 2665 Et
1678 2606 2041 2683 respondens

1503 2700 1649 2758 dixit
1677 2701 1753 2758 illi
1777 2732 1791 2746 ·
1856 2720 1895 2761 o
1923 2719 2073 2776 gene

1502 2794 1648 2853 ratio
1678 2793 1978 2853 incredula

1499 2887 1782 2964 quamdiu
1810 2887 1969 2963 apud
1996 2905 2107 2946 uos

1500 2998 1602 3039 ero
1685 2981 1967 3057 quamdiu
1999 2999 2075 3058 pa

1501 3075 1609 3131 tiar
1638 3091 1749 3133 uos
1770 3106 1782 3118 ·
1841 3073 2080 3133 Adferte

1500 3166 1663 3225 illum
1684 3167 1757 3226 ad
1781 3186 1874 3226 me
1902 3198 1914 3213 ·
1957 3165 2067 3226 ²⁰et
2086 3167 2161 3227 ad

1500 3260 1748 3319 tulerunt
1816 3260 1895 3318 Et
1921 3272 2043 3319 cu*

1500 3354 1740 3413 uidisset
1767 3372 1904 3413 eum
1934 3360 2033 3430 sps

1500 3448 1591 3507 ille
1674 3449 2040 3508 conturbauit

1500 3561 1745 3619 puerum
1813 3552 1872 3601 et
1899 3541 2011 3601 heli

1501 3654 1601 3694 sus
1635 3638 1694 3695 in
1724 3646 1934 3696 terram
1965 3654 2044 3697 uo

1501 3731 1787 3790 lutabatur
1817 3742 2092 3807 spumans

1498 3823 1540 3859 ²¹
1562 3825 1636 3883 Et
1665 3824 2040 3901 interrogauit
2069 3844 2147 3902 pa

1498 3928 1643 3976 trem
1671 3919 1796 3977 eius
1880 3937 2038 3996 quan

1495 4021 1621 4070 tum
1651 4013 1929 4089 temporis
1958 4022 2045 4072 est

1494 4123 1567 4163 ex
1597 4124 1719 4183 quo
1748 4106 1966 4165 factum
1995 4118 2083 4165 est

1493 4200 1547 4258 ei
1572 4231 1586 4244 ·
1652 4209 1711 4257 at
1739 4199 1831 4258 ille
1860 4218 2072 4276 respon

1495 4292 1578 4351 dit
1606 4294 1682 4352 ab
1711 4291 1949 4352 infantia
1972 4325 1986 4339 ·

738 4384 783 4417 ¹⁵
799 4384 876 4442 Et
908 4384 1216 4444 confestim
1249 4387 1445 4445 omnis
1493 4383 1629 4444 ”Et
1661 4385 1983 4461 frequenter
2011 4387 2105 4447 illu

2330 498 2390 555 in
2420 497 2615 573 ignem
2678 506 2736 556 et
2765 497 2826 555 in
2856 515 2891 555 a

2329 609 2508 667 quam
2537 591 2800 650 mittebat

2328 694 2393 742 ut
2422 703 2562 744 eum
2592 685 2864 760 perderet

2327 777 2442 838 Sed
2473 779 2520 837 si
2549 777 2691 856 quid
2721 790 2890 855 potes

2322 871 2540 932 adiuua
2569 890 2682 933 nos
2711 873 2824 932 dne

2318 978 2376 1026 et
2406 968 2666 1027 miserere
2689 967 2862 1026 nobis
2888 999 2902 1014 ·

3476 331 3594 396 [IX.
3617 335 3784 402 9-36.

3082 496 3269 556 eicere
3290 528 3304 543 ·
3369 493 3414 529 ²⁹
3432 506 3487 557 et
3517 498 3660 557 dixit

3082 589 3190 649 illis
3210 622 3224 637 ·
3288 591 3402 651 hoc
3432 611 3620 669 genus

3080 685 3139 742 in
3168 684 3331 744 nullo
3360 686 3475 745 alio
3505 705 3586 763 po

3079 788 3189 837 test
3219 780 3377 838 exire
3407 779 3519 838 nisi
3548 780 3610 837 in

3077 873 3441 932 orationibus
3469 884 3526 933 et
3555 875 3607 933 ie

3159 993 3242 1021 ω
3269 968 3442 1026 iuniis
3472 994 3552 1021 0-

2317 1062 2361 1094 ²⁸
2380 1062 2480 1121 Ihs
2508 1071 2704 1144 autem
2732 1061 2876 1120 dixit
2903 1062 2941 1120 il
3027 1059 3060 1097 *
3077 1058 3124 1093 ⁸⁰
3137 1060 3215 1119 Et
3242 1061 3377 1120 inde
3406 1061 3651 1138 profecti

2318 1157 2355 1215 li
2376 1187 2390 1202 ·
2455 1157 2503 1216 si
2533 1166 2702 1234 potes
2731 1156 2905 1216 crede

2317 1270 2377 1309 re
2407 1252 2607 1309 omnia
2634 1251 2794 1327 possi

2316 1345 2454 1404 bilia
2480 1344 2734 1403 credenti
2757 1375 2770 1391 ·

2314 1436 2358 1470 ¹⁴
2375 1439 2451 1497 Et
2480 1440 2761 1498 continuo
2789 1438 2956 1500 excla

2317 1551 2487 1591 mans
2515 1544 2679 1610 pater
2707 1539 2780 1591 cu

2317 1627 2569 1686 lacrimis
2599 1637 2655 1685 et
2685 1627 2829 1686 dixit

2317 1719 2449 1778 Dr‘ie
2478 1721 2655 1780 credo
2682 1720 2897 1780 adiuua

2263 1870 2270 1877 ,
2316 1832 2509 1873 meam
2539 1814 2818 1875 increduli

2315 1916 2491 1966 tatem
2512 1938 2526 1952 ·
2570 1908 2617 1942 ²⁵
2635 1908 2714 1966 Et
2741 1926 2878 1968 cum

2313 2001 2536 2060 uideret
2564 2002 2652 2061 ihs
2680 2002 2840 2078 quod

2312 2105 2620 2155 concurret
2648 2105 2740 2154 tur

2312 2191 2390 2249 ba
2408 2219 2422 2234 ·
2488 2189 2895 2249 Comminatus

2311 2294 2402 2343 est
2431 2284 2652 2360 spiritui
2679 2284 2740 2342 in

2311 2378 2538 2436 mundo
2572 2377 2772 2438 dicens
2793 2410 2806 2423 ·

2311 2510 2482 2569 surde
2511 2519 2569 2570 et
2591 2521 2785 2569 mutae

2311 2604 2542 2681 spiritae
2563 2635 2576 2649 ·
2637 2622 2751 2680 ego
2780 2604 2881 2662 tibi

2309 2698 2568 2775 precipio
2597 2699 2690 2756 exi
2720 2699 2795 2756 ab
2822 2698 2860 2756 il

2308 2792 2368 2850 lo
2450 2800 2507 2849 et
2535 2809 2860 2868 numquam

2309 2886 2559 2944 introeas
2589 2886 2647 2943 in
2676 2904 2813 2945 eum

2307 2977 2351 3011 ’ὅ
2367 2979 2445 3038 Et
2472 2979 2731 3038 clamans
2758 2989 2814 3038 et
2842 2978 2965 3037 mul

2307 3083 2432 3132 tum
2461 3073 2621 3131 illum
2650 3072 2841 3132 lamen

2306 3177 2437 3225 tans
2464 3167 2601 3224 exiit
2624 3198 2638 3213 ·
2703 3177 2761 3225 et
2788 3166 2878 3226 sac

2306 3271 2400 3320 tus
2428 3272 2514 3320 est
2544 3261 2692 3319 sicut
2720 3279 2849 3319 mor

2305 3365 2440 3413 tuus
2459 3386 2473 3400 ·
2558 3355 2638 3413 ita
2666 3365 2730 3412 ut
2758 3353 2879 3413 mul

2303 3449 2343 3507 ti
2373 3447 2629 3507 dicerent
2656 3448 2818 3525 quod

2304 3554 2568 3601 mortuus
2595 3551 2747 3601 esset

2302 3635 2347 3669 ²⁷
2370 3636 2470 3695 Ihs
2498 3645 2691 3694 autem
2722 3646 2925 3695 tenens

2303 3748 2544 3789 manum
2573 3731 2697 3788 eius
2727 3740 2784 3787 et

2301 3824 2516 3883 leuauit
2537 3841 2673 3882 eum
2701 3832 2757 3881 et
2787 3841 2884 3880 sur

2301 3918 2446 3977 rexit
2471 3949 2484 3963 ·
2546 3914 2588 3949 ²⁸
2607 3928 2663 3976 et
2692 3934 2827 3976 cum
2857 3918 2918 3974 in

2299 4012 2524 4072 troisset
2553 4011 2611 4068 in
2641 4010 2822 4069 domii

2299 4104 2586 4181 Discipuli
2618 4104 2742 4162 eius
2772 4122 2931 4163 secre

2297 4208 2358 4256 to
2389 4198 2823 4274 interrogabant

2298 4292 2460 4351 illum
2544 4310 2723 4369 quare
2751 4309 2862 4350 nos

2298 4406 2417 4447 non
2446 4388 2743 4464 potuimus
2771 4385 2908 4445 illud

3024 1150 3053 1183 *
3075 1156 3435 1214 transiebant

3023 1245 3052 1278 ¹⁸²
3073 1250 3134 1307 in
3161 1249 3432 1326 galileam
3456 1282 3470 1297 ·
3535 1250 3614 1309 Et
3641 1269 3716 1310 ne

3023 1340 3052 1373 ¹⁸²
3074 1361 3174 1402 mo
3201 1345 3436 1403 uolebat
3463 1349 3577 1421 que

3020 1434 3050 1468 ¹⁸¹
3071 1456 3250 1515 quam
3281 1440 3451 1498 scrire
3471 1470 3486 1485 ·
3504 1472 3589 1483 —

3066 1530 3109 1565 ⁸¹
3128 1531 3397 1591 Docebat
3418 1544 3614 1592 autem
3644 1534 3736 1593 dis

3067 1625 3297 1702 cipulos
3327 1644 3466 1685 suos
3495 1636 3554 1685 et

3068 1719 3303 1785 dicebat
3330 1720 3439 1778 illis
3464 1752 3478 1766 ·
3550 1721 3691 1797 quia

3068 1812 3217 1871 filius
3245 1812 3500 1873 hominis

3068 1907 3324 1965 tradetur
3353 1907 3411 1964 in
3441 1925 3653 1967 manus

3066 2000 3373 2059 hominum
3395 2032 3409 2047 ·
3472 2011 3531 2060 et
3559 2002 3689 2062 occi

3066 2094 3206 2152 dent
3233 2112 3370 2152 eum
3394 2126 3408 2140 ·
3469 2105 3528 2153 et
3556 2113 3628 2155 oc

3065 2189 3248 2247 cissus
3276 2197 3411 2265 post
3439 2190 3608 2247 tertifi

3066 2279 3219 2340 diem
3248 2292 3505 2357 resurget

3064 2372 3110 2407 θ’
3126 2377 3204 2434 At
3234 2375 3311 2432 illi
3343 2375 3688 2452 ignorabant

3062 2508 3308 2567 uerbum
3336 2517 3393 2566 et
3423 2507 3706 2568 timebant

3063 2618 3202 2658 eum
3232 2601 3584 2677 interrogare

3063 2693 3107 2727 ³³
3124 2695 3201 2753 Et
3228 2696 3390 2753 uenit
3418 2702 3709 2772 capernat‘i
3729 2729 3744 2745 ·

3063 2797 3121 2846 et
3149 2806 3285 2847 cum
3316 2787 3476 2847 domi
3505 2800 3658 2849 esset

3061 2881 3454 2959 interrogabat
3479 2901 3585 2942 eos

3061 2976 3205 3051 quid
3233 2977 3292 3033 in
3322 2977 3419 3035 uia
3446 2977 3644 3055 discep

3058 3079 3277 3128 tassent
3296 3102 3310 3115 ·
3375 3070 3418 3103 ³⁴
3437 3081 3495 3129 at
3522 3071 3600 3130 illi
3628 3083 3764 3132 tacu

3058 3174 3228 3223 erunt
3252 3195 3266 3210 ·
3333 3165 3491 3224 Inter
3518 3183 3581 3225 se

3057 3258 3216 3316 enim
3246 3256 3655 3334 disquerebant

3058 3351 3189 3427 quis
3218 3363 3340 3410 eset
3366 3352 3598 3411 illorum

3059 3448 3248 3505 maior
3271 3477 3285 3492 ·
3311 3477 3325 3492 ·
3352 3477 3366 3492 ·
3396 3447 3529 3505 ⁸⁸Et
3551 3449 3762 3509 sedens

3060 3540 3296 3599 uocauit
3329 3540 3581 3601 duodeci

3059 3633 3376 3711 discipulos
3405 3645 3462 3693 et
3491 3636 3567 3696 ait
3597 3637 3634 3694 il

3056 3727 3124 3786 lis
3145 3759 3159 3774 ·
3181 3759 3195 3774 ·
3241 3728 3303 3787 Si
3331 3730 3463 3805 quis
3491 3731 3614 3789 uult

3054 3823 3277 3898 primus
3305 3840 3432 3881 esse
3453 3854 3467 3869 ·
3529 3825 3629 3883 fiat

3053 3916 3319 3976 omnium
3348 3918 3573 3977 nouissi

3043 4011 3183 4067 'mus
3210 4020 3269 4069 et
3296 4012 3566 4069 omnium

3050 4103 3312 4163 minister
3335 4136 3348 4151 ·
3394 4104 3438 4138 ³⁶
3454 4105 3533 4165 Et
3560 4107 3686 4167 acci

3047 4197 3214 4273 piens
3244 4217 3492 4274 puerum

3052 4289 3261 4350 Statuit
3282 4311 3419 4351 eum
3449 4294 3509 4351 in
3538 4294 3736 4354 medio

3048 4402 3253 4446 eorum
3279 4419 3292 4433 ·
3355 4406 3533 4465 quem
3562 4394 3635 4447 οῦ

3809 498 3937 547 Ἑόἱ.
3962 500 4093 552 179.
