4414 4917
594 326 706 407 im.
729 351 907 420 1-29.]
1903 344 2221 406 LUCAN
2242 375 2255 389 ·
3527 346 3610 433 83

291 524 425 574 rol.
446 524 564 574 108.
592 513 781 593 plebis
805 545 820 561 ·
883 514 1118 573 intrauit
1349 522 1408 572 et
1435 512 1597 573 uadit
1615 545 1629 560 ·
1695 524 1753 574 et
1782 514 1877 574 alii
1907 531 1980 574 ue
2153 531 2405 591 magnus
2434 531 2641 573 omnes
2670 545 2685 560 ·
2904 515 3150 575 audiunt
3168 547 3182 562 ·
3242 519 3458 578 mortui
3633 524 3756 586 ιρι.
3781 532 3906 585 ιω.

592 626 950 686 capernaum
973 640 988 655 ·
1054 606 1075 639 ²
1096 607 1226 667 Cen
1348 609 1410 665 ni
1440 619 1499 667 et
1525 610 1686 668 uenit
1704 640 1719 655 ·
1779 620 1838 668 et
1867 627 1958 668 ser
2150 616 2209 667 et
2238 608 2695 684 magnificabant
2902 621 3214 687 resurgunt
3232 642 3247 657 ·
3297 629 3416 689 pau

590 704 836 763 turionis
864 712 1061 763 autem
1346 719 1423 762 uo
1450 721 1585 762 meo
1612 703 1707 762 fac
1737 703 1848 763 hoc
1876 715 1932 764 et
1963 704 2020 763 fa
2150 702 2251 760 dm
2281 703 2542 762 dicentes
2561 734 2574 748 ·
2903 719 3074 777 peres
3104 705 3485 781 euangelizan

590 799 895 859 cuiusdam
923 813 1128 857 seruus
1344 796 1422 853 cit
1441 827 1454 841 ·
1515 797 1802 856 ‘'Audiens
1830 803 1963 857 aute
2148 795 2311 871 quod
2338 796 2564 873 profeta
2591 813 2729 872 mag
2901 803 2994 853 tur
3012 827 3026 842 ·
3088 794 3131 829 Β
3148 808 3206 856 et
3234 801 3441 860 beatus
3471 810 3561 860 est

590 891 740 951 male
768 890 995 950 habens
1023 899 1148 949 erat
1342 887 1488 949 haec
1517 890 1607 949 ihs
1633 892 1873 950 miratus
1903 901 1991 951 est
2146 906 2259 948 nus
2289 892 2534 950 surrexit
2561 891 2622 948 in
2898 891 3288 969 quicumquae
3315 911 3437 952 non
3466 893 3529 952 su

589 987 897 1045 moriturus
966 986 1062 1063 qui
1341 1000 1478 1041 eum
1498 1015 1511 1029 ·
1571 995 1628 1043 et
1657 1002 1975 1044 conuersus
2145 985 2317 1043 nobis
2337 1015 2351 1029 ·
2411 994 2469 1043 et
2496 985 2634 1062 quia
2661 984 2721 1041 ui
2897 984 3457 1047 eritsscandalizatus

587 1079 664 1138 illi
693 1089 817 1140 erat
844 1080 1133 1156 pretiosus
1342 1079 1721 1154 sequentibus
1750 1097 1812 1138 se
1844 1079 1943 1139 dix
2071 1145 2075 1149 ¹
2144 1078 2336 1137 sitauit
2365 1077 2433 1137 ds
2461 1079 2695 1155 plebem
2896 1076 2958 1134 in
2987 1097 3081 1138 me
3102 1110 3116 1125 ·
3177 1078 3219 1111 ²⁴
3235 1080 3314 1139 Et
3342 1099 3478 1140 cum
3507 1081 3602 1143 dis

585 1173 608 1207 ⁸
625 1172 704 1233 Et
730 1192 869 1234 cum
898 1174 1152 1232 audisset
1188 1172 1263 1232 de
1341 1171 1385 1229 it
1413 1173 1593 1231 turbis
1617 1204 1632 1218 ·
1694 1172 1828 1233 dico
1859 1192 1937 1233 uo
2144 1189 2314 1230 suam
2336 1173 2395 1230 in
2426 1174 2587 1231 bono
2610 1204 2624 1219 ·
2687 1173 2729 1206 ¹⁷
2745 1171 2823 1231 Et
2895 1173 3205 1232 cessissent
3231 1176 3416 1233 nuntii

586 1266 685 1325 ihu
767 1267 925 1326 misit
954 1267 1118 1327 senio
1340 1266 1431 1325 bis
1451 1297 1465 1312 ·
1526 1266 1585 1325 in
1614 1267 1775 1327 nullo
1803 1276 1964 1329 tanta
2142 1266 2282 1324 exiit
2312 1266 2404 1326 hic
2437 1285 2629 1326 sermo
2660 1269 2720 1326 in
2894 1263 3163 1326 iohannis
3187 1298 3201 1313 ·
3263 1269 3460 1345 coepit

584 1378 677 1420 res
703 1361 1010 1421 iudeorum
1039 1378 1104 1420 ro
1340 1358 1517 1418 fidem
1547 1361 1745 1420 inueni
1775 1362 1835 1419 in
1866 1363 1968 1421 isl-
2140 1360 2477 1420 uniuersam
2512 1361 2734 1421 iudea·-
2893 1357 3084 1418 dicere
3113 1360 3188 1419 de
3215 1362 3474 1421 iohanne

581 1472 731 1532 gans
759 1472 897 1514 eum
978 1464 1043 1513 ut
1068 1454 1207 1513 ueni
1338 1452 1468 1512 ¹⁰Et
1494 1457 1707 1514 reuersi
1736 1457 1837 1533 qui
1864 1458 1977 1517 mis
2140 1462 2198 1512 et
2224 1453 2288 1511 in
2315 1471 2556 1513 omnem
2584 1454 2740 1513 confi
2893 1451 2969 1510 ad
2997 1455 3194 1514 turbas
3213 1486 3227 1501 ·
3288 1457 3434 1534 quid

582 1566 689 1608 ens
717 1549 965 1608 saluaret
992 1566 1085 1607 ser
1337 1546 1386 1606 si
1414 1558 1608 1607 erant·
1673 1550 1890 1612 inuene
2140 1565 2279 1606 nem
2313 1549 2614 1626 regionem
2644 1548 2718 1608 de
2892 1547 3093 1608 existis
3119 1548 3181 1607 in
3212 1549 3443 1612 deserto

582 1660 724 1702 uum
752 1644 879 1702 eius
902 1674 916 1689 ·
943 1673 958 1690 ·
1001 1643 1022 1673 ⁴
1040 1652 1098 1701 at
1125 1641 1203 1700 illi
1337 1651 1470 1700 runt
1496 1661 1732 1703 seruum
1760 1652 1906 1705 sam‘i
1930 1677 1944 1693 ·
2139 1641 2238 1701 illo
2257 1672 2272 1687 ·
2294 1672 2308 1690 ·
2330 1673 2344 1688 ·
2388 1639 2431 1674 ¹⁸
2449 1642 2527 1701 Et
2555 1644 2757 1702 nuntia
2889 1639 3089 1701 uidere
3110 1671 3125 1688 ·
3188 1643 3434 1705 harundi

583 1737 887 1797 uenientes
915 1735 988 1795 ad
1017 1736 1139 1794 ihm
1164 1768 1177 1781 ·
1335 1732 1378 1767 ¹¹
1396 1735 1475 1794 Et
1501 1736 1719 1796 sactum
1748 1748 1837 1797 est
1865 1739 2001 1799 dein
2137 1745 2346 1794 uerunt
2374 1735 2613 1795 iohanni
2887 1752 3027 1792 nem
3056 1753 3093 1793 a
3116 1747 3295 1797 uento
3326 1756 3503 1800 moue

583 1832 869 1908 rogabant
897 1848 1032 1889 eum
1063 1829 1153 1889 sol
1333 1848 1474 1906 ceps
1502 1832 1623 1891 ibat
1651 1833 1712 1890 in
1740 1834 1913 1892 ciuita
2138 1829 2406 1906 discipuli
2439 1831 2561 1889 eius
2592 1829 2665 1889 de
2884 1828 2931 1884 ri
2951 1859 2965 1874 ·
3032 1826 3075 1861 ²⁶
3095 1828 3211 1890 Sed
3238 1833 3381 1910 quid
3408 1835 3535 1894 exis

581 1922 732 1983 licite
759 1923 1021 1983 dicentes
1130 1962 1139 1969 -
1334 1933 1453 1983 tem
1481 1943 1632 2003 quae
1659 1938 1906 1986 uocatur
2136 1924 2412 1983 omnibus
2440 1924 2529 1984 his
2554 1956 2569 1971 ·
2632 1923 2676 1958 ¹⁹
2697 1926 2774 1984 Et
2885 1921 2958 1980 tis
2985 1922 3183 1982 uidere
3213 1924 3373 1984 homi

580 2018 717 2095 quia
744 2017 958 2094 dignus
987 2026 1075 2076 est
1332 2018 1472 2077 nain
1496 2049 1510 2064 ·
1575 2028 1633 2078 et
1660 2020 1822 2079 ibant
1850 2040 1986 2080 cum
2136 2018 2489 2077 conuocauit
2515 2018 2692 2077 iohan
2886 2032 3023 2073 nem
3052 2017 3327 2078 mollibus
3354 2037 3461 2080 ues

580 2120 644 2170 ut
671 2111 782 2170 hoc
810 2112 863 2169 ei
891 2120 1114 2187 prestes
1134 2141 1150 2157 ·
1333 2111 1429 2170 illo
1459 2112 1729 2190 discipuli
1756 2116 1881 2176 eius
2135 2129 2243 2169 nes
2272 2112 2421 2170 duos
2448 2113 2524 2171 de
2553 2112 2698 2172 disci
2885 2109 3140 2170 timentis
3168 2112 3435 2173 indutum
3454 2145 3470 2162 ·

581 2203 820 2280 ‘Diligit
847 2204 1005 2264 enim
1033 2210 1209 2281 gente
1329 2207 1493 2264 multi
1521 2216 1579 2265 et
1605 2210 1772 2267 turba
1801 2228 1875 2269 co
2046 2226 2047 2229 ¹
2134 2206 2286 2281 pulis
2315 2207 2435 2265 suis
2454 2237 2468 2252 ·
2528 2216 2586 2265 et
2613 2204 2768 2267 misit
2883 2201 3043 2262 Ecce
3073 2205 3169 2282 qui
3199 2206 3262 2263 in
3289 2217 3451 2268 ueste
3479 2226 3587 2286 pre

580 2308 843 2358 nostram
860 2328 875 2344 ·
940 2307 998 2374 et
1024 2316 1172 2376 syna
1331 2301 1501 2377 piosa
1523 2333 1537 2348 ·
1599 2300 1713 2362 ¹²et
1742 2303 1962 2364 sactum
2133 2299 2212 2358 ad
2238 2299 2360 2357 ihm
2389 2301 2589 2360 dicens
2612 2332 2626 2347 ·
2883 2297 3033 2356 tiosa
3066 2308 3200 2358 sunt
3229 2310 3286 2359 et
3311 2301 3372 2359 in
3401 2302 3478 2361 de

580 2409 798 2470 gogam
826 2392 952 2469 ipse
980 2393 1151 2451 aedifi
1331 2406 1419 2454 est
1447 2395 1589 2454 dum
1616 2397 1905 2476 adpropia
2130 2403 2191 2451 tu
2221 2410 2284 2452 es
2312 2396 2413 2473 qui
2440 2405 2718 2454 uenturus
2881 2391 3026 2450 liciis
3054 2394 3113 2453 in
3149 2393 3424 2456 domibus

581 2525 735 2583 cauit
761 2525 934 2584 nobis
953 2555 968 2571 ·
1031 2525 1053 2557 ⁰
1070 2525 1160 2584 ihs
1331 2537 1416 2585 ret
1444 2538 1644 2603 portae
1673 2530 1923 2591 ciuitatis
1943 2563 1958 2580 ·
2131 2544 2196 2585 es
2225 2544 2301 2584 an
2331 2525 2508 2585 alium
2537 2546 2722 2604 expec
2882 2544 3088 2603 regum
3117 2537 3252 2586 sunt
3271 2560 3285 2574 ·
3349 2527 3392 2562 ’ὅ
3413 2529 3532 2590 Sed

581 2629 774 2679 autem
805 2619 945 2678 abiit
972 2637 1109 2677 cum
1328 2620 1406 2680 Et
1433 2639 1571 2682 ecce
1601 2623 1889 2683 serebatur
2130 2629 2322 2679 tamus
2347 2650 2361 2666 ·
2418 2619 2784 2683 ²0Aduenien
2883 2620 3024 2697 quid
3053 2621 3252 2680 existis
3285 2623 3422 2684 uide

579 2713 664 2773 eis
683 2745 699 2760 ·
764 2722 982 2773 etcum
1010 2714 1127 2771 iam
1157 2730 1279 2772 non
1329 2714 1635 2776 defunctus
1664 2718 1814 2779 filius
2132 2722 2221 2773 tes
2245 2724 2440 2773 autem
2469 2715 2544 2773 ad
2571 2733 2706 2774 eum
2882 2732 2945 2772 re
2975 2714 3261 2791 profetam
3285 2748 3300 2763 ·
3364 2718 3448 2777 uti

578 2805 757 2884 longe
785 2816 939 2866 esset
967 2824 1002 2865 a
1031 2807 1277 2866 domu-·
1328 2809 1538 2868 unicus
1566 2813 1764 2870 matris
1795 2830 1931 2873 suae
1951 2845 1965 2860 ·
2129 2807 2240 2865 uiri
2268 2806 2569 2867 dixerunt·
2631 2808 2700 2869 10
2883 2824 2997 2885 que
3027 2808 3160 2868 dico
3187 2811 3360 2870 uobis
3387 2820 3446 2871 et

581 2898 743 2960 Misit
772 2900 848 2958 ad
878 2899 1041 2958 illum
1072 2918 1184 2961 cen
1328 2901 1406 2961 Et
1435 2903 1577 2963 haec
1604 2906 1783 2964 uidua
1804 2917 1927 2966 erat
1946 2938 1960 2953 ·
2133 2900 2301 2960 banis
2328 2902 2579 2978 baptista
2606 2904 2686 2961 mi
2881 2900 3014 2978 Plus
3041 2920 3219 2980 quam
3241 2903 3468 2980 profeta
3486 2935 3502 2953 ·

579 2994 728 3055 turio
756 2994 981 3053 amicos
1009 2993 1068 3051 di
1331 3005 1389 3055 et
1417 2999 1584 3057 turba
1612 3001 1860 3060 ciuitatis
2133 2996 2206 3053 sit
2235 3013 2344 3055 nos
2378 2997 2453 3055 ad
2482 3007 2538 3056 te
2567 2997 2770 3058 dicens
2883 2994 3076 3067 ²⁷,Hic
3095 3007 3183 3056 est
3201 2997 3275 3056 de
3292 3015 3414 3077 quo
3432 3000 3590 3078 scrip

579 3105 721 3147 cens
739 3118 754 3135 .
818 3087 934 3146 dfie
954 3118 969 3134 .
1027 3087 1147 3146 noli
1176 3098 1233 3148 te
1330 3092 1510 3150 multa
1538 3111 1674 3152 eum
1701 3095 1797 3154 illa
1815 3126 1830 3141 .
2131 3098 2193 3146 tu
2223 3106 2286 3148 es
2314 3090 2414 3166 qui
2443 3091 2610 3150 uenis
2630 3110 2706 3150 an
2737 3091 2812 3150 ali
2885 3135 2899 3161 ,
2918 3099 3042 3148 tum
3070 3101 3159 3151 est
3183 3123 3197 3137 ·
3252 3111 3390 3152 ecce
3418 3095 3526 3153 mit

580 3198 795 3241 nexare
813 3212 828 3227 ·
888 3198 1011 3240 non
1041 3182 1188 3239 eni*
1330 3185 1372 3219 ¹⁸
1388 3205 1567 3263 quam
1596 3207 1730 3247 cum
1757 3190 1981 3249 uideret
2129 3200 2233 3241 um
2261 3193 2668 3260 exspectamus
2691 3215 2706 3232 ·
2884 3230 2899 3257 ι
2919 3195 2981 3244 t0
3011 3186 3287 3263 angelum
3316 3205 3513 3247 meum

581 3275 790 3353 dignus
820 3294 948 3335 sum
977 3284 1042 3333 ut
1070 3276 1182 3335 sub
1327 3278 1439 3340 dns
1467 3283 1733 3342 misertus
1759 3294 1848 3343 est
2129 3275 2170 3308 ²¹
2192 3277 2263 3335 In
2292 3278 2389 3336 illa
2417 3289 2611 3338 autem
2640 3280 2784 3339 hora
2881 3321 2898 3351 ‚
2918 3289 3052 3337 ante
3082 3279 3292 3339 faciem
3322 3291 3483 3340 tuam

582 3378 798 3429 tectum
825 3386 1026 3428 meum
1054 3369 1117 3427 in
1330 3392 1504 3451 super
1532 3394 1663 3435 eam
1688 3409 1702 3423 ·
1762 3378 1841 3437 Et
1869 3377 2013 3437 dixit
2130 3374 2372 3432 curabat
2399 3374 2613 3433 multos
2636 3405 2651 3420 ·
2715 3393 2752 3432 a
2884 3418 2899 3445 ,
2919 3373 3019 3449 qui
3048 3374 3379 3450 preparauit

582 3472 724 3523 tres·
786 3464 810 3497 '¹
828 3473 1066 3542 propter
1331 3468 1409 3526 illi
1479 3471 1597 3530 noli
1626 3471 1764 3531 flere
1788 3502 1802 3518 ·
1866 3472 1910 3505 ¹⁴
1926 3474 2003 3532 Et
2128 3466 2503 3544 languoribus
2571 3478 2629 3527 et
2654 3469 2751 3545 pla
2885 3510 2900 3536 ,
2918 3466 3077 3523 uiam
3107 3477 3265 3524 tuam
3295 3478 3429 3526 ante
3460 3476 3517 3527 te

582 3557 738 3636 quod
766 3576 877 3618 nec
905 3558 1149 3635 dignum
1330 3566 1577 3624 accessit
1645 3576 1703 3626 et
1731 3568 1917 3644 tetigit
2131 3561 2223 3637 gis
2285 3571 2343 3620 et
2371 3563 2661 3638 spiritibus
2690 3578 2789 3621 ma
2884 3557 2928 3592 ²⁸
2945 3559 3096 3619 Dico
3123 3561 3282 3618 enirn
3309 3561 3483 3620 uobis

583 3670 674 3712 me
703 3653 957 3711 indicaui
1041 3651 1177 3711 ueni
1328 3657 1586 3718 loculum
1609 3691 1623 3706 .
1683 3660 1745 3718 hi
1774 3667 1906 3720 aute·
2130 3655 2200 3713 lis
2222 3686 2236 3701 ·
2280 3666 2338 3714 et
2363 3656 2552 3715 caecis
2582 3655 2777 3714 multis
2885 3655 3070 3713 maior
3099 3655 3246 3713 inter
3273 3664 3448 3714 natos

584 3766 644 3808 re
671 3748 745 3806 ad
773 3758 830 3806 te
850 3779 864 3793 ·
928 3746 1033 3806 sed
1061 3746 1156 3805 dic
1329 3754 1430 3831 qui
1458 3756 1770 3831 portabant
1798 3765 1887 3814 ste
2134 3750 2378 3808 donauit
2407 3750 2599 3808 uisum
2623 3779 2638 3795 ·
2884 3747 3192 3807 mulierum
3221 3748 3450 3825 profeta

583 3843 763 3901 uerbo
792 3851 849 3901 et
878 3841 1172 3900 sanabitur
1329 3857 1555 3908 terunt.
1615 3849 1691 3908 Et
1712 3850 1791 3908 ait
1814 3880 1829 3895 .
1872 3850 1988 3908 adu
2130 3840 2265 3902 ”Et
2293 3843 2657 3921 respondens
2685 3842 2777 3901 ihs
2886 3841 3146 3901 iohanne
3175 3844 3429 3919 baptista

582 3953 724 4011 puer
749 3953 918 3994 meus
943 3965 958 3982 ·
1020 3934 1041 3967 ⁸
1061 3933 1219 3994 Nam
1328 3943 1557 4003 lescens
1586 3945 1688 4003 tibi
1717 3943 1851 4004 dico
2129 3938 2273 3996 dixit
2300 3938 2411 3996 illis
2430 3967 2445 3982 ·
2489 3935 2575 3995 Ite
2604 3947 2661 3995 et
2688 3955 2812 3995 nun
2884 3955 3060 3996 nemo
3088 3947 3208 3996 est·
3260 3955 3399 3995 nam
3428 3938 3531 4015 qui

581 4039 637 4088 et
663 4048 778 4107 ego
806 4029 989 4088 homo
1019 4045 1149 4086 sum
1334 4055 1507 4114 surge
1528 4069 1542 4083 ·
1602 4038 1648 4070 ¹³
1663 4037 1740 4095 Et
1767 4037 1981 4097 resedit
2131 4033 2265 4091 tiate
2289 4031 2528 4089 iohanni
2551 4063 2562 4077 ·
2594 4049 2744 4108 quae
2773 4031 2831 4089 ui
2884 4032 3077 4090 minor
3104 4041 3189 4090 est
3218 4031 3280 4088 in
3306 4048 3413 4107 reg

583 4126 689 4183 sub
716 4132 1005 4202 potestate
1032 4140 1149 4181 con
1330 4133 1429 4209 qui
1458 4141 1578 4191 erat
1606 4142 1866 4190 mortuus
1889 4162 1903 4177 ·
2132 4127 2296 4187 distis
2325 4135 2382 4183 et
2410 4126 2696 4185 auditistis
2886 4143 2967 4184 no
2997 4126 3056 4183 di
3123 4126 3309 4184 major
3329 4134 3419 4184 est
3446 4125 3546 4185 illo
3568 4157 3584 4174 ·

582 4218 807 4278 stitutus
826 4249 842 4264 ·
906 4217 1128 4276 habens
1331 4236 1389 4285 et
1407 4227 1600 4303 eoepit
1617 4226 1778 4303 loqui
1803 4256 1817 4271 ·
1862 4225 2010 4284 etde
2133 4221 2293 4280 caeci
2309 4219 2535 4278 uident·
2565 4220 2719 4280 clodi
2737 4236 2834 4279 am
2885 4219 3216 4280 ”Etomnis
3234 4222 3492 4297 populus
3512 4240 3590 4281 au

582 4325 684 4385 sub
710 4342 807 4383 me
837 4322 1048 4381 milites
1072 4354 1086 4369 ·
1116 4332 1176 4382 et
1330 4320 1413 4380 dit
1439 4321 1599 4380 illum
1627 4319 1795 4378 matri
1824 4319 1948 4378 eius
1973 4350 1987 4365 ·
2133 4314 2334 4375 bulant
2352 4345 2368 4361 ·
2427 4314 2637 4391 leprosi
2890 4316 3056 4377 diens
3082 4326 3139 4374 et
3168 4315 3466 4392 puplicani
3491 4348 3506 4364 ·

580 4417 706 4480 dico
736 4418 871 4477 huic
899 4416 1052 4476 uade
1327 4413 1622 4494 ¹“Accepit
1640 4423 1835 4473 autem
1852 4413 2024 4472 timor
2131 4410 2486 4470 mundantur
2507 4441 2521 4456 ·
2582 4410 2740 4470 surdi
2887 4410 3340 4473 iustificauerunt
3366 4410 3469 4470 dm
