4414 4917
785 297 870 383 38

491 470 618 520 1¹01.
644 470 735 522 74.
782 469 828 503 ὕ·
846 469 1145 547 Principes
1172 474 1305 529 aute

779 565 1158 624 sacerdotum
1182 595 1196 610 ·
1261 573 1322 624 et

775 659 1035 718 seniores
1059 689 1073 704 ·
1133 667 1192 717 et
1219 659 1320 716 uni

774 770 1009 811 uersum
1037 752 1287 811 concilii-1
1311 783 1327 799 ·

773 847 1095 923 querebant
1124 846 1271 907 falsu

771 940 1167 999 testimonium

768 1041 974 1093 contra
1000 1032 1123 1092 ihm
1191 1044 1253 1093 ut

768 1143 906 1185 eum
934 1128 1105 1185 morti
1133 1137 1221 1187 tra

768 1220 969 1279 derent
1030 1222 1075 1254 ⁶⁰
1090 1230 1147 1279 et
1168 1239 1293 1281 non

768 1314 1118 1374 inuenerunt
1140 1345 1156 1361 ·
1215 1314 1294 1374 Et

768 1406 934 1466 multi
959 1407 1088 1466 salsi
1118 1418 1293 1469 testes

767 1517 1121 1560 accesserun
1192 1512 1252 1562 et

672 1636 683 1641 -
766 1611 891 1653 non
919 1594 1266 1655 inuenerunt
1288 1627 1303 1642 ·

767 1685 1102 1748 Nouissime
1129 1700 1326 1748 autem

764 1781 1111 1842 accedentes
1139 1783 1257 1844 duo

763 1874 891 1934 falsi
923 1886 1100 1936 testes
1127 1875 1169 1910 ⁶¹
1190 1877 1331 1936 dixe

763 1980 936 2028 runt·
963 2002 978 2016 ·
1024 1970 1142 2029 Hic
1172 1970 1316 2031 dixit

761 2080 1006 2140 possum
1034 2064 1263 2123 destrue

761 2174 823 2216 re
853 2158 1133 2234 templum
1162 2159 1223 2217 di

760 2258 818 2309 et
844 2250 906 2310 in
932 2251 1124 2310 triduo
1146 2251 1286 2312 illud

758 2345 1144 2405 reaedificabo

757 2475 801 2513 ⁸²
819 2478 897 2538 Et
925 2497 1169 2557 surgens
1195 2479 1327 2556 prin

758 2592 900 2651 ceps
930 2575 1236 2635 sacerdotii

756 2668 835 2727 ait
862 2668 938 2727 illi
963 2699 978 2714 ·
1037 2668 1182 2727 nihil
1207 2687 1299 2729 res

756 2763 969 2838 pondis
997 2762 1073 2821 ad
1101 2781 1172 2822 ea
1200 2781 1350 2840 quae

755 2855 846 2914 isti
875 2856 1156 2916 aduersus
1183 2868 1242 2916 te

755 2950 1133 3009 testificantur
1156 2981 1171 2998 ·

754 3043 797 3076 ⁸⁸
815 3043 917 3103 nis
945 3052 1139 3102 autem
1167 3045 1397 3105 tacebat
1415 3075 1430 3092 ·

751 3135 830 3196 Et
855 3137 1216 3213 respondens

750 3231 1023 3308 princeps
1051 3249 1214 3291 sacer

753 3325 954 3384 dotum
984 3325 1063 3384 ait
1091 3325 1168 3384 illi
1194 3357 1254 3372 ·-

750 3418 976 3479 Adiuro
1005 3428 1059 3479 te
1087 3439 1192 3498 per
1220 3420 1321 3479 ἀῶ

749 3514 951 3573 uiuum
975 3545 990 3560 ·
1035 3524 1099 3572 ut
1126 3533 1207 3574 no

746 3607 837 3666 bis
865 3607 1025 3668 dicas
1054 3609 1101 3667 si
1131 3618 1191 3667 tu
1218 3627 1282 3669 es

746 3705 859 3777 xps
887 3700 1035 3760 filius
1064 3701 1125 3761 di
1147 3732 1162 3749 ·

746 3794 965 3856 “Dicit
990 3795 1067 3853 illi
1095 3795 1184 3855 ihs
1213 3807 1275 3856 tu
1304 3795 1403 3857 dix

747 3889 838 3948 isti
861 3921 876 3935 ·
937 3899 1136 3949 tamen
1166 3889 1224 3949 di

749 4000 824 4043 co
852 3983 1019 4043 uobis
1039 4014 1054 4030 ·
1114 3984 1353 4045 Amodo

742 4077 1010 4137 uidebitis
1038 4078 1207 4136 filiu-

743 4169 996 4231 hominis
1024 4172 1201 4231 seden

743 4272 866 4323 tem
894 4264 970 4323 ad
998 4264 1251 4325 dextra-

741 4357 966 4417 uirtutis
984 4387 999 4403 ·
1024 4436 1040 4450 ο

2048 285 2492 360 SECUNDU
2508 327 2523 343 ·

1537 466 1617 528 Et
1643 469 1973 528 uenientem
2007 486 2076 529 su

1536 581 1641 639 per
1668 565 1854 622 nubes
1882 564 2028 623 caeli
2057 594 2072 610 ·

1535 656 1769 717 “Tunc
1799 659 2075 736 princeps
2104 676 2170 718 sa

1533 750 1841 810 cerdotum
1874 768 1987 810 con

1529 844 1699 903 scidit
1728 846 2011 905 uestimen

1524 948 1586 997 ta
1614 956 1720 998 sua
1745 940 1949 1001 dicens
1972 971 1986 988 ·

1526 1031 1891 1092 blasfemauit

1525 1125 1687 1198 Quid
1716 1126 1905 1185 adhuc
1931 1145 1966 1185 e

1526 1237 1732 1295 gemus
1762 1222 2001 1280 testibus
2021 1252 2036 1267 ·

1524 1310 1684 1372 Ecce
1714 1333 1871 1374 nunc
1902 1315 2067 1375 audis

1524 1407 1599 1465 tis
1636 1407 1988 1468 blasfemia-

1522 1501 1645 1559 eius
1665 1532 1678 1547 ·
1743 1502 1939 1578 “quid
1966 1498 2133 1562 uobis

1522 1593 1748 1653 uidetur
1770 1625 1785 1641 ·
1849 1610 1907 1654 at
1935 1595 2010 1653 illi

1520 1688 1939 1764 respondentes

1523 1781 1793 1842 dixerunt
1821 1801 1955 1843 reus

1520 1886 1607 1934 est
1635 1878 1808 1935 morti
1828 1909 1841 1924 ·
1886 1877 1933 1911 ⁸⁷
1948 1887 2087 1938 tunc

1518 1980 1844 2046 expuerunt
1863 1971 1923 2029 in
1952 1971 2009 2030 fa

1520 2064 1673 2123 ciem
1700 2066 1826 2124 eius
1853 2077 1910 2125 et
1938 2082 2012 2125 co

1516 2154 1698 2235 laphis
1725 2177 1863 2218 eum
1891 2159 2089 2220 cecide

1518 2261 1652 2310 runt
1674 2283 1690 2299 ·
1747 2253 1841 2311 alii
1868 2259 2002 2312 aute

1517 2346 1742 2423 palmas
1769 2347 1829 2405 in
1851 2346 2059 2407 faciem

1519 2479 1571 2539 ei
1600 2478 1886 2539 dederunt
1948 2479 2178 2540 ⁸³dicen

1515 2582 1603 2632 tes
1626 2604 1641 2619 ·
1700 2571 1976 2650 profetiza

1512 2667 1683 2727 nobis
1710 2673 1824 2744 xpe

1513 2762 1643 2838 quis
1670 2772 1726 2821 te
1755 2763 2009 2840 percusit
2032 2793 2046 2810 ·

1510 2854 1554 2888 ⁶⁹
1573 2855 1779 2916 Petrus
1807 2875 1950 2917 uero
1978 2855 2115 2915 sede

1509 2948 1609 3008 bat
1638 2948 1776 3009 foris
1806 2951 1864 3007 in
1894 2951 2040 3010 atrio
2066 2981 2081 2997 ·

1509 3041 1586 3101 Et
1614 3046 1859 3104 accessit
1887 3046 1959 3104 ad
1991 3063 2126 3104 eum

1506 3154 1627 3196 una
1654 3138 1862 3198 ancilla
1889 3138 2089 3198 dicens
2113 3170 2127 3185 ·

1509 3229 1585 3289 Et
1614 3241 1676 3289 tu
1705 3250 1834 3290 eras
1864 3250 2001 3290 cum
2030 3233 2129 3292 ihu

1486 3323 1717 3400 ‘galileo
1736 3356 1751 3371 ·
1795 3325 1839 3358 ⁷⁰
1848 3325 1927 3385 At
1953 3325 2045 3384 ille

1507 3419 1742 3494 negauit
1763 3436 1963 3478 coram
1993 3437 2094 3479 om

1505 3513 1677 3571 nibus
1706 3501 1906 3571 dicens
1924 3543 1939 3558 ·
2003 3532 2077 3573 ne

1507 3607 1632 3666 scio
1660 3606 1800 3683 quid
1828 3606 1971 3666 dicis
1989 3638 2003 3653 ·
2026 3638 2040 3655 ·

1504 3698 1546 3733 ⁷¹
1566 3700 1832 3761 Exeunte
1862 3711 2053 3760 autem
2082 3701 2179 3763 illo

1502 3794 1676 3853 ianua
1698 3826 1713 3842 ·
1774 3794 1934 3854 Uidit
1962 3795 2062 3857 illu

1502 3888 1615 3947 alia
1642 3888 1849 3948 ancilla
1875 3897 1933 3948 et
1961 3890 2038 3948 ait

1499 3983 1585 4042 eis
1608 4014 1622 4029 ·
1688 3984 1798 4042 ibi·
1857 3993 1916 4043 et
1942 3983 2038 4043 hic
2061 3994 2183 4043 erat

1501 4095 1638 4136 cum
1665 4077 1763 4135 ihu
1792 4095 2084 4137 nazoreno
2108 4109 2121 4124 ·

1499 4170 1545 4203 ⁷²
1562 4170 1639 4228 Et
1665 4172 1869 4230 iterum
1898 4171 2133 4246 negauit

1499 4282 1635 4323 cum
1656 4264 1979 4324 iuramento
2004 4295 2017 4310 ·
2062 4265 2200 4342 quia

1497 4376 1617 4418 non
1647 4359 1784 4419 noui
1804 4357 2101 4417 hominem

2346 467 2391 500 ⁷³
2409 466 2550 527 Post
2578 465 2846 544 pusillum

2345 571 2538 620 autem
2568 560 2827 619 acceden

2343 664 2429 713 tes
2458 655 2556 731 qui
2586 655 2816 714 stabant

2342 749 2609 808 dixerunt
2635 759 2801 825 petro
2823 780 2837 795 ·

2340 860 2475 901 uere
2502 862 2574 902 ex
2593 840 2700 901 illis
2727 861 2790 901 es
2818 854 2880 903 tu

2339 936 2571 996 Etenim
2599 936 2850 1013 loquella

2337 1040 2437 1089 tua
2463 1030 2772 1089 manifestii

2337 1131 2393 1182 te
2423 1123 2588 1182 facit·
2640 1125 2685 1157 ⁷⁴
2703 1123 2876 1184 Tunc

2334 1218 2526 1294 coepit
2553 1216 2765 1277 deuota

2336 1330 2396 1369 re
2427 1329 2489 1369 se
2518 1322 2575 1370 et
2603 1313 2791 1371 iurare
2816 1342 2830 1358 ·

2336 1403 2514 1477 Quod
2545 1422 2668 1464 non
2695 1406 2832 1465 noui
2862 1405 2941 1466 ho

2334 1498 2554 1556 minem
2577 1530 2590 1545 ·
2652 1508 2710 1557 et
2737 1516 2853 1559 con

2332 1593 2495 1652 tinuo
2522 1592 2705 1669 gallus
2733 1612 2845 1652 can

2333 1687 2474 1744 tauit
2493 1718 2506 1732 ·
2564 1686 2610 1718 ⁷⁶
2627 1686 2703 1744 Et
2731 1705 2890 1746 reme

2332 1790 2590 1839 moratus
2617 1791 2706 1839 est
2731 1799 2807 1857 pe

2330 1883 2451 1932 trus
2478 1875 2641 1932 uerbi
2670 1874 2770 1933 ihu

2331 1968 2652 2027 dicentisibi
2673 1999 2687 2014 ·
2746 1967 2896 2044 quod

2330 2062 2669 2143 priusquam
2698 2063 2792 2138 gal

2331 2154 2420 2213 lus
2449 2165 2643 2213 cantet
2701 2165 2790 2215 ter

2328 2267 2424 2309 me
2453 2250 2696 2326 negabis
2720 2282 2734 2296 ·
2794 2260 2853 2309 et

2325 2361 2591 2420 egressus
2619 2343 2772 2404 foras

2325 2476 2682 2535 amarissime
2711 2476 2809 2554 plo
2833 2537 2838 2544 ,

2326 2601 2417 2616 ...
2449 2571 2818 2628 fauit-..m

2291 2661 2427 2725 *2¹7.
2471 2662 2491 2695 ¹
2512 2665 2691 2724 Mane
2720 2675 2911 2724 autem
2934 2664 3025 2725 fac

2289 2753 2384 2817 *to
2407 2788 2421 2804 ·
2482 2759 2786 2818 consilium

2287 2850 2673 2928 *acceperunt
2696 2883 2711 2898 ·
2777 2869 2880 2912 om

2289 2944 2427 3005 *nes
2455 2947 2750 3025 principes

2287 3038 2693 3100 *sacerdotum
2721 3052 2779 3101 et

2286 3133 2576 3195 *seniores
2603 3136 2789 3212 plebis

2311 3230 2588 3289 aduersus
2617 3229 2738 3287 ihm
2756 3260 2770 3275 ·

2311 3333 2374 3382 ut
2401 3341 2537 3381 eum
2570 3323 2740 3382 morti
2769 3333 2855 3382 tra

2314 3417 2518 3477 derent
2541 3448 2555 3463 ·
2599 3415 2621 3446 ²
2649 3427 2706 3475 et
2735 3418 2872 3476 uinc

2312 3523 2436 3570 tum
2467 3529 2602 3569 eum
2632 3511 2865 3571 adduxe

2311 3615 2444 3664 runt
2472 3603 2726 3663 etradide

2311 3708 2442 3756 runt
2470 3698 2674 3776 pontio
2702 3698 2820 3775 pila

2309 3803 2370 3852 to
2398 3792 2614 3869 presidi
2638 3823 2651 3838 ·
2682 3824 2766 3836 —

2307 3887 2328 3919 ⁸
2348 3886 2520 3945 Tunc
2553 3885 2757 3945 uidens
2786 3886 2952 3947 iudas

2306 3982 2406 4058 qui
2434 3999 2571 4040 eum
2599 3981 2832 4040 tradidit

2308 4081 2447 4153 qilm
2479 4075 2790 4134 damnatus
2817 4085 2906 4135 est
2929 4107 2944 4123 ·

2305 4171 2618 4247 penitentia
2646 4170 2854 4229 ductus
2881 4201 2895 4217 ·

2303 4264 2494 4323 retulit
2515 4265 2746 4341 triginta

2303 4369 2612 4435 argenteos

3142 304 3354 369 [XXVI.
3378 311 3704 374 59—xxv11.
3731 326 3810 364 10.

3102 465 3463 545 principibus
3493 486 3656 529 sacer

3099 559 3304 621 dotum
3332 573 3390 621 et
3419 564 3584 623 senio

3095 654 3254 714 ribus
3312 656 3333 688 ⁴
3352 656 3553 716 dicens
3577 688 3592 703 ·
3652 676 3764 736 pec

3095 749 3225 806 caui
3254 750 3414 826 quod
3444 751 3589 810 tradi

3096 842 3277 900 derim
3307 845 3590 921 sanguine

3096 936 3308 994 iustum
3331 968 3345 983 ·
3412 938 3492 998 At
3519 938 3598 996 illi

3094 1028 3360 1089 dixerunt
3382 1032 3522 1109 quid
3551 1031 3627 1092 ad

3092 1139 3203 1182 nos
3231 1133 3292 1182 tu
3319 1125 3532 1185 uideris
3550 1159 3565 1175 ·

3091 1214 3115 1249 ⁸
3133 1215 3208 1274 Et
3236 1219 3505 1293 proiectis
3531 1240 3712 1298 argen

3091 1311 3195 1369 teis
3226 1311 3285 1369 in
3313 1313 3535 1389 templo
3557 1346 3573 1362 ·
3634 1335 3695 1376 se

3088 1405 3261 1463 cessit
3283 1436 3297 1451 ·
3360 1404 3439 1465 Et
3468 1409 3669 1470 abiens

3087 1497 3296 1574 laqueo
3326 1517 3389 1559 se
3412 1519 3629 1578 suspen

3089 1591 3170 1651 dit
3192 1623 3208 1639 ·
3251 1593 3590 1672 ‘Principes

3085 1695 3278 1746 autem
3307 1691 3613 1751 sacerdotii
3645 1724 3661 1740 ·

3083 1779 3360 1857 Acceptis
3387 1796 3626 1860 argente

3081 1874 3131 1932 is
3159 1874 3428 1936 dixerunt
3451 1909 3463 1924 ·
3524 1896 3645 1940 non

3832 485 3957 537 1¹01.
3980 486 4073 537 ⁷6.

3005 1968 3012 1975 '
3083 1967 3214 2027 licet
3242 1970 3535 2030 mittereos

3080 2062 3142 2119 in
3171 2063 3391 2121 corban
3418 2065 3557 2140 quia

3081 2156 3329 2232 pretium
3359 2160 3566 2235 sangui

3082 2250 3174 2308 nis
3203 2260 3323 2309 est·
3375 2252 3397 2284 ⁷
3417 2253 3677 2314 Consilio

3081 2353 3277 2402 autem
3306 2356 3548 2422 accepto

3078 2477 3229 2535 inter
3256 2495 3320 2537 se
3389 2475 3656 2541 emerunt

3078 2587 3285 2646 agrum
3315 2571 3473 2648 figuli
3499 2574 3559 2632 in

3080 2665 3371 2740 sepultura
3404 2684 3544 2742 pere

3077 2758 3372 2834 grinorum
3397 2791 3411 2805 ·
3457 2761 3477 2791 ⁸
3495 2779 3645 2839 prop

3078 2861 3164 2910 ter
3193 2851 3306 2911 hoc
3337 2866 3580 2913 uocatus

3075 2954 3163 3003 est
3191 2963 3331 3022 ager
3359 2947 3453 3006 ille
3515 2947 3642 3008 acel

3073 3039 3248 3098 dema
3272 3071 3286 3085 ·
3348 3041 3512 3117 quod
3540 3053 3629 3102 est
3653 3093 3671 3112 .

3070 3151 3211 3210 ager
3240 3136 3534 3211 sanguinis

3070 3245 3253 3304 usque
3283 3230 3344 3287 in
3366 3226 3639 3290 hodiernii

3069 3321 3225 3380 diem
3250 3353 3264 3368 ·
3291 3353 3306 3369 ·
3366 3324 3388 3357 ⁹
3408 3322 3581 3385 Tunc
3611 3343 3672 3385 re

3068 3416 3288 3493 pletum
3316 3427 3402 3476 est
3429 3419 3590 3495 quod

3069 3511 3286 3569 dictum
3314 3520 3402 3570 est
3422 3530 3527 3588 per

3066 3603 3406 3662 hieremiam
3434 3623 3545 3683 pro

3065 3697 3241 3756 fetam
3271 3697 3566 3758 dicentem
3589 3731 3603 3747 ·

3063 3790 3142 3851 Et
3171 3794 3506 3870 acciperunt
3535 3795 3606 3855 tri

3063 3887 3224 3963 ginta
3252 3899 3563 3963 argenteos
3587 3920 3602 3936 ·

3062 3981 3351 4058 praetium
3386 3983 3602 4060 adprae

3061 4074 3181 4133 tiati
3251 4074 3411 4151 quod
3439 4076 3656 4155 adprae

3062 4169 3349 4228 tiauerunt
3378 4189 3414 4230 a
3443 4170 3522 4228 fili

3060 4264 3109 4322 is
3138 4264 3208 4322 ist
3227 4295 3240 4310 ·
3286 4262 3330 4297 ¹⁰
3347 4275 3403 4323 et
3431 4264 3712 4325 dederunt

3062 4376 3164 4418 eos
3192 4357 3251 4414 in
3281 4376 3487 4435 agrum
3518 4359 3674 4437 figuli
3698 4391 3713 4408 ·
