4414 4917
794 324 876 388 86

495 507 618 557 rol.
643 508 768 557 109.
795 516 864 557 ac
896 516 1041 557 sana
1072 507 1266 557 mente
1295 497 1371 556 ad

793 592 977 669 pedes
1005 592 1128 652 eius
1198 601 1255 651 et
1282 592 1325 650 ti

793 695 1062 744 muerunt
1080 717 1095 732 ·
1156 685 1422 744 ”nuntia

791 790 999 839 uerunt
1028 790 1221 839 autem
1248 781 1330 838 illi

792 873 862 932 lis
890 874 988 950 qui
1014 874 1279 934 uiderant
1297 905 1313 920 ·

793 968 1097 1044 quomodo
1127 969 1321 1026 saluus

792 1062 978 1120 sactus
999 1072 1086 1121 est
1112 1080 1148 1121 a
1176 1063 1330 1138 legio

789 1173 867 1213 ne
886 1186 901 1201 ·
963 1155 1008 1188 ⁸⁷
1025 1155 1103 1215 Et
1128 1165 1478 1233 rogauerunt

792 1249 952 1308 illum
984 1251 1175 1309 omnis
1208 1251 1330 1311 mul

790 1344 987 1402 titudo·
1006 1344 1081 1402 de
1108 1345 1272 1421 regio

788 1438 879 1495 nis
908 1456 1321 1514 gerasenorum

789 1541 852 1590 ut
882 1533 1204 1592 discederet
1232 1534 1308 1591 ab
1335 1533 1395 1609 ip

791 1627 870 1685 sis
895 1658 909 1673 ·
970 1629 1107 1705 quia
1133 1629 1340 1686 timore

789 1738 1010 1798 magno
1039 1723 1383 1780 tenebantur

788 1814 925 1891 Ipse
953 1825 1147 1875 autem
1176 1834 1353 1876 ascen

787 1909 935 1968 dens
964 1911 1025 1967 in
1053 1928 1268 1969 nauem
1297 1930 1357 1970 re

785 2021 990 2063 uersus
1018 2015 1104 2064 est
1128 2037 1143 2051 ·
1168 2038 1183 2052 ·
1205 2037 1219 2051 ·
1257 2005 1392 2063 ”Et
1420 2024 1487 2065 ro

784 2099 963 2174 gabat
982 2098 1142 2158 illum
1171 2100 1259 2157 uir
1287 2117 1323 2158 a

783 2210 904 2270 quo
931 2193 1204 2252 demonia
1232 2195 1361 2253 exie

782 2296 914 2345 rant
980 2297 1044 2345 ut
1071 2306 1210 2346 cum
1230 2289 1363 2365 ipso

782 2391 935 2440 esset
954 2413 967 2428 ·
995 2413 1008 2428 ·
1032 2413 1047 2428 ·
1108 2382 1344 2442 Dimisit

782 2486 976 2535 autem
998 2477 1163 2535 illum
1192 2478 1281 2536 ihs
1305 2509 1319 2524 ·

782 2606 984 2668 dicens
1007 2640 1022 2655 ·
1090 2608 1135 2642 ⁸⁸
1153 2609 1273 2668 redi
1302 2609 1483 2669 domii

780 2712 838 2761 et
866 2720 1071 2762 enarra
1099 2714 1317 2781 quanta
1345 2705 1386 2762 ti

780 2797 839 2855 bi
870 2795 1003 2854 fecit
1032 2796 1099 2855 ds
1124 2828 1138 2843 ·
1198 2797 1275 2855 Et
1304 2799 1441 2856 abiit

780 2907 884 2966 per
910 2891 1238 2948 uniuersam
1269 2891 1384 2949 ciui

781 2993 959 3042 tatem
988 2984 1292 3060 predicans

781 3088 999 3155 quanta
1021 3077 1109 3135 ihs
1131 3078 1264 3136 fecit
1281 3078 1358 3136 illi
1381 3108 1482 3125 υ-

2150 323 2390 386 SECD
2415 356 2429 371 ·

1547 497 1689 556 dum
1719 498 1824 556 iret
1852 496 1942 556 ihs
1965 528 1978 544 ·
2042 516 2180 575 prae

1545 594 1742 651 mebat
1768 610 1903 651 eum
1932 591 2184 668 populus
2203 622 2219 638 ·

2354 512 2655 573 synagoge
2679 526 2694 541 ·
2751 495 2954 555 dicens

2350 590 2438 647 ei·
2497 589 2633 667 quia
2660 597 2890 648 mortua

1545 686 1876 744 ⁴³Etmulier
1887 686 2299 764 quaedamersst
2351 692 2436 741 est
2465 683 2580 742 filia
2609 694 2706 743 tua
2776 683 2894 743 noli

1546 780 1604 838 in
1635 780 1797 840 fluxu
1828 780 2129 857 sanguinis

1545 875 1620 933 ab
1650 874 1817 933 annis
1847 875 2155 933 duodecim
2176 906 2191 921 ·

1544 987 1695 1045 quae
1725 969 1783 1026 in
1816 969 2075 1028 medicos
2103 987 2232 1028 erro

1543 1072 1781 1139 gauerat
1808 1081 2044 1121 omnem
2076 1064 2186 1121 sub

1544 1157 1814 1216 stantiam
1842 1174 2009 1216 suam
2037 1175 2146 1216 nec

1545 1251 1621 1309 ab
1650 1251 1767 1309 ullo
1795 1252 1981 1328 potuit
2010 1269 2145 1310 cura

1546 1346 1593 1402 ri
1617 1376 1631 1391 ·
1696 1345 1741 1378 ⁴⁴
1759 1346 2002 1404 accessit
2030 1355 2180 1405 retro
2201 1379 2217 1392 ·

1547 1449 1603 1498 et
1630 1440 1812 1515 tetigit
1841 1440 2082 1500 fimbrea

1545 1535 1871 1592 uestimenti
1900 1535 2023 1593 eius
2043 1566 2058 1581 ·

1543 1627 1620 1685 Et
1648 1627 1958 1686 confestim
1988 1630 2141 1688 stetit

1541 1721 1734 1781 fluxus
1763 1724 2062 1799 sanguinis

1540 1817 1663 1874 eius
1683 1847 1697 1861 ·
1757 1816 1803 1848 ⁴⁵
1819 1826 1875 1873 et
1905 1818 1981 1874 ait
2004 1817 2093 1875 ihs
2111 1818 2241 1894 quis

1539 1928 1635 1968 me
1664 1910 1846 1986 tetigit
1864 1942 1879 1956 ·
1945 1910 2158 1987 Negan

1538 2004 1690 2062 tibus
1719 2013 1909 2063 autem
1931 2007 2158 2064 omnibs
2184 2036 2198 2051 ·

1538 2098 1680 2156 dixit
1708 2109 1904 2175 petrus
1971 2109 2027 2158 et
2055 2101 2156 2177 qui

1537 2210 1674 2250 cum
1703 2192 1800 2251 illo
1829 2203 1992 2252 erant
2012 2225 2026 2240 ·
2086 2213 2188 2271 pre

1536 2295 1738 2362 ceptor
1767 2288 1966 2346 turbae
1996 2298 2050 2346 te
2079 2306 2195 2347 con

1536 2380 1792 2455 primunt
1820 2390 1939 2438 tam
1968 2400 2108 2460 mag

1535 2492 1645 2533 nae
1674 2484 1732 2532 et
1759 2475 1903 2534 dicis
1929 2478 2029 2554 qui
2057 2495 2151 2536 me

1535 2605 1717 2683 tetigit
1741 2635 1756 2652 ·
1826 2606 1949 2665 “At
1977 2607 2067 2666 ihs
2094 2608 2237 2667 dixit

1534 2701 1718 2776 tetigit
1744 2718 1840 2758 me
1869 2702 2073 2779 aliquis

1534 2811 1673 2851 nam
1702 2804 1757 2851 et
1785 2813 1899 2870 ego
1930 2796 2186 2872 cognoui

1532 2888 1802 2945 uirtutem
1831 2889 1902 2947 de
1932 2908 2026 2947 me

1533 2982 1719 3039 exisse
1740 3012 1754 3027 ·
1777 3013 1790 3026 ·
1812 3013 1826 3026 ·
1846 2981 1891 3014 ⁴⁷
1901 2982 2123 3042 Uidens

1534 3084 1727 3132 autem
1757 3074 1963 3134 mulier

780 3171 1073 3231 ‘⁰Factum
1084 3182 1169 3231 est
1181 3183 1374 3232 autem
1383 3192 1519 3232 cum
1530 3167 1666 3245 quia
1696 3186 1818 3227 non
1846 3169 2006 3227 latuit
2032 3170 2069 3227 il

778 3266 1025 3326 redisset
1052 3267 1140 3325 ihs
1168 3269 1397 3344 excepit

780 3360 941 3419 illum
971 3363 1138 3420 turba
1158 3393 1172 3407 ·
1228 3362 1414 3421 Erant

779 3457 936 3514 enim
964 3474 1171 3516 omnes
1198 3476 1383 3535 expec

774 3560 964 3610 tantes
992 3551 1152 3609 illum
1171 3583 1186 3598 ·
1206 3583 1221 3598 ·
1239 3584 1324 3596 —

1532 3262 1651 3319 lum
1722 3264 1882 3321 uenit
1910 3274 2156 3325 tremssns
2175 3297 2190 3312 ·

1529 3364 1586 3414 et
1616 3357 1861 3431 procidit
1889 3369 2021 3416 ante

1530 3450 1709 3526 pedes
1736 3452 1858 3509 eius
1883 3484 1896 3497 ·
1966 3453 2043 3511 Et
2070 3455 2150 3512 ob

1531 3563 1709 3622 quam
1736 3564 1974 3606 causam
2002 3549 2100 3606 teti

779 3642 822 3676 ⁴¹
841 3644 919 3703 Et
945 3663 1084 3704 ecce
1106 3647 1265 3704 uenit
1285 3647 1371 3704 uir
1388 3647 1480 3706 cui
1531 3639 1710 3716 gisset
1738 3639 1897 3698 illum
1926 3642 2044 3700 indi

778 3756 998 3797 nomen
1026 3740 1198 3799 iairus
1217 3771 1232 3786 ·
1292 3740 1369 3799 Et
1397 3741 1458 3816 ip

780 3850 841 3891 se
869 3834 1142 3910 princeps
1171 3853 1395 3912 synago

778 3945 851 4004 ge
878 3938 999 3985 erat
1018 3959 1033 3974 ·
1091 3938 1149 3987 et
1176 3930 1384 3988 cecidit

776 4022 852 4080 ad
881 4022 1061 4098 pedes
1088 4022 1187 4080 ihu
1215 4042 1429 4100 rogans

775 4131 912 4172 eum
933 4146 948 4161 ·
1010 4126 1073 4173 ut
1103 4117 1334 4176 intraret
1362 4119 1423 4176 in

776 4207 1019 4267 domum
1045 4211 1170 4269 eius
1190 4241 1204 4256 ·
1263 4209 1309 4242 ⁴²
1324 4213 1461 4290 quia

777 4301 894 4359 filia
922 4303 1095 4361 unica
1122 4314 1244 4362 erat
1272 4304 1349 4362 illi
1369 4338 1383 4353 ·

772 4395 889 4454 sere
919 4414 1206 4455 annorum
1235 4399 1354 4458 duo

726 4539 731 4550 .
768 4489 959 4549 decim
980 4521 994 4536 ·
1041 4500 1097 4549 et
1126 4491 1269 4550 haec
1290 4496 1472 4554 morie

765 4584 935 4642 batur
954 4616 968 4631 ·
1032 4584 1110 4642 Et
1138 4587 1379 4663 contigit

1529 3736 1682 3792 cauit
1711 3752 1909 3793 coram
1937 3738 2100 3795 omni

1530 3828 1639 3887 bus
1663 3859 1678 3874 ·
1741 3829 1819 3886 Et
1847 3831 2099 3906 quemad

1529 3922 1673 3980 mod
1702 3924 1943 3981 modum
1972 3942 2087 3984 con

1529 4014 1688 4073 setim
1717 4027 1920 4076 sanata
1946 4028 2033 4076 est
2055 4050 2069 4064 ·

2349 795 2560 836 uexare
2588 779 2868 854 magistrfi

2349 871 2396 904 ⁶⁰
2414 872 2515 931 Ins
2545 882 2742 931 autem
2770 869 2966 932 audito

2348 964 2463 1024 hoc
2489 968 2671 1025 uerbo
2689 998 2703 1013 ·
2763 968 2842 1025 ait
2869 985 2950 1043 pa

2349 1060 2420 1117 tri
2448 1061 2635 1137 puelle
2717 1062 2841 1120 noli
2869 1062 2909 1118 ti

2350 1171 2507 1213 mere
2593 1155 2707 1215 Sed
2735 1155 2904 1214 crede

2346 1256 2573 1306 tantum
2602 1258 2659 1307 et
2685 1249 2848 1308 salua

2346 1343 2453 1401 erit
2475 1372 2489 1388 ·
2553 1340 2597 1375 ⁶¹
2615 1353 2673 1401 et
2699 1360 2834 1403 cum
2863 1360 2966 1419 per

2348 1436 2599 1495 uenisset
2626 1437 2685 1494 in
2716 1435 2896 1495 domfi
2921 1468 2934 1483 ·

2348 1530 2488 1589 Non
2517 1531 2775 1607 permisit
2805 1531 2955 1589 intra

2346 1643 2405 1682 re
2435 1643 2633 1683 secum
2663 1630 2957 1701 quemqut‘i
2975 1656 2989 1671 ·

2346 1719 2456 1776 nisi
2486 1728 2711 1794 petrum
2740 1728 2797 1776 et
2826 1720 2883 1777 io

2344 1811 2598 1871 hannem
2626 1823 2683 1870 et
2710 1812 2922 1870 iacobfi

2343 1906 2418 1964 Et
2447 1915 2671 1983 patrem
2698 1916 2756 1964 et
2783 1910 2966 1963 matre

2341 2001 2526 2077 puelle
2547 2032 2560 2046 ·
2622 1999 2667 2034 ⁵²
2683 2001 2927 2060 Flebant

2341 2106 2532 2153 autem
2562 2113 2768 2154 omnes
2795 2103 2852 2153 et

2339 2189 2694 2265 plangebant
2723 2190 2878 2247 illam

2341 2285 2424 2341 At
2451 2284 2541 2341 ille
2573 2283 2716 2341 dixit
2744 2282 2920 2340 nolite

2338 2376 2475 2436 flere
2543 2395 2666 2437 non
2693 2386 2780 2436 est
2806 2382 2901 2434 eni

2339 2481 2568 2531 mortua
2596 2471 2697 2530 sed
2728 2471 2939 2530 dormit

2337 2604 2381 2636 ⁸³
2402 2614 2458 2663 et
2487 2604 2821 2663 deridebant
2848 2621 2984 2662 eum

2338 2700 2588 2757 scientes
2617 2698 2780 2776 quod
2810 2715 2939 2755 mor

2338 2802 2436 2851 tua
2462 2803 2551 2851 est
2569 2824 2583 2838 ·
2630 2793 2814 2869 ¹⁵⁴ipse
2844 2800 3038 2849 autem

2336 2887 2551 2946 eiciens
2578 2905 2786 2946 omnes
2816 2885 2967 2944 foras
2987 2915 3002 2930 ·

2335 2990 2393 3039 et
2408 2991 2611 3040 tenens
2630 2998 2869 3038 manum
2886 2981 3009 3038 eius
3022 3011 3035 3025 ·

2336 3075 2607 3134 clamauit
2636 3075 2835 3133 dicens
2859 3106 2872 3120 ·
2893 3092 2974 3152 pu

2335 3170 2444 3228 ella
2466 3189 2661 3246 surge·
2692 3168 2801 3227 ⁶⁵et
2820 3188 3036 3229 conuer

2336 3264 2400 3321 tit
2430 3269 2529 3339 sps
2558 3266 2682 3322 eius
2763 3274 2819 3322 et
2850 3282 2948 3322 sur

2334 3359 2476 3416 rexit
2505 3359 2782 3417 continuo
2808 3389 2821 3404 ·
2880 3357 2959 3416 Et

2335 3453 2494 3510 iussit
2521 3452 2597 3510 illi
2626 3451 2747 3509 dari
2776 3470 2917 3509 man

2334 3546 2543 3605 ducare
2564 3578 2578 3593 ·
2637 3547 2681 3579 ⁶⁶
2697 3557 2754 3605 et
2782 3554 2953 3622 stupu

2333 3650 2500 3699 erunt
2529 3651 2796 3718 parentes
2824 3642 2949 3699 eius
2972 3672 2987 3688 ·

2333 3738 2542 3813 quibus
2571 3737 2863 3813 praecepit
2892 3754 2965 3794 ne

2335 3830 2505 3888 alicui
2536 3831 2792 3889 dicerent
2811 3863 2895 3874 —-

2335 3925 2494 4002 quod
2523 3923 2739 3983 facturn
2767 3934 2853 3983 est
2871 3950 2955 3975 m

2303 4018 2399 4080 *9.
2424 4019 2442 4051 ¹
2461 4019 2819 4078 Conuocatis
2840 4028 3034 4077 autem

1529 4109 1652 4166 «Ἅι
1676 4111 1797 4186 ipse
1817 4113 1959 4170 dixit
1979 4113 2079 4170 iui-
2110 4131 2227 4172 con
2301 4112 2640 4172 *duodecim
2668 4114 2813 4172 disci

1529 4214 1689 4262 stans
1716 4214 1840 4264 esto
1870 4207 1986 4265 filia
2056 4207 2094 4265 fi

1527 4298 1628 4356 des
1656 4307 1754 4357 tua
1782 4309 1837 4358 te
1865 4301 2087 4359 saluam

1524 4391 1657 4450 fecit
1686 4390 1818 4451 uad0
1845 4395 1903 4451 in
1934 4413 2079 4471 pace
2099 4427 2114 4442 ·

1521 4485 1779 4546 ⁴⁹Adhuc
1808 4488 1904 4546 illo
1933 4489 2204 4566 loquente

1521 4581 1678 4639 uenit
1706 4600 1741 4639 a
1768 4583 2087 4659 principem

2299 4208 2478 4285 *pulis
2507 4210 2625 4267 suis
2652 4209 2807 4268 dedit

2331 4303 2438 4361 illis
2465 4306 2735 4364 uirtutem
2764 4315 2823 4366 et

2328 4407 2672 4474 potestatem

2329 4510 2500 4570 super
2527 4496 2727 4553 omnia
2753 4496 2824 4554 de

2326 4589 2526 4647 monia
2550 4621 2563 4636 ·
2625 4600 2680 4649 et
2708 4601 2769 4649 ut
2797 4591 3014 4668 languo

2856 4704 2948 4745 res

3342 334 3510 398 [vul.
3536 339 3739 401 35-1X.
3763 348 3811 405 9.-

3105 506 3366 556 cur⁸rent
3384 528 3399 544 ·
3462 495 3486 528 ²
3501 498 3579 557 Et
3606 498 3763 558 misit
3836 514 3964 563 Pol.
3986 515 4102 565 110.

3102 590 3233 650 illos
3260 591 3559 668 predicare
3585 612 3689 671 reg

3104 704 3246 744 num
3276 686 3337 745 di
3356 718 3370 733 ·
3442 697 3499 746 et
3530 706 3737 749 sanare

3101 779 3395 840 infirmos·
3437 780 3460 813 ³
3477 791 3534 841 et
3561 784 3641 841 ait
3666 782 3744 842 ad

3101 872 3229 932 illos
3257 874 3398 934 nihil
3424 876 3661 936 tuleritis

3100 967 3161 1024 in
3189 969 3285 1027 uia
3303 1000 3318 1016 ·
3379 980 3558 1048 nequ⁰
3578 972 3807 1048 uirgam

3100 1080 3290 1138 neque
3319 1082 3520 1140 peram
3551 1097 3566 1111 ·
3625 1077 3768 1145 neq*

3101 1157 3483 1217 calciamenta
3500 1190 3515 1205 ·
3579 1170 3722 1238 neq‘·

3097 1268 3312 1327 panem
3335 1283 3351 1299 ·
3409 1270 3598 1331 neque
3627 1272 3701 1330 pe

3098 1346 3330 1405 cuniam
3354 1378 3370 1392 ·
3429 1365 3622 1425 neque
3650 1348 3730 1406 du

3098 1456 3162 1496 as
3190 1441 3415 1498 tunicas
3442 1440 3700 1500 habeatis
3722 1473 3738 1489 ·

3097 1533 3121 1564 ⁴
3136 1532 3211 1590 Et
3240 1534 3301 1591 in
3329 1552 3698 1614 quacumque
3720 1536 3802 1596 do

3097 1646 3261 1685 mum
3296 1629 3636 1688 intraueritis

3097 1722 3174 1781 ibi
3204 1733 3434 1781 manete
3461 1733 3520 1781 et
3545 1724 3685 1783 inde

3097 1816 3529 1893 proficiscimini
3549 1848 3565 1863 ·

3095 1908 3118 1941 ⁸
3136 1908 3211 1967 Et
3239 1909 3590 1988 quicumque
3619 1926 3742 1970 non

3093 2004 3400 2080 reciperint
3428 2023 3535 2064 uos
3558 2037 3573 2052 ·

3093 2097 3392 2158 Exeuntes
3422 2099 3494 2158 de
3523 2099 3699 2160 ciuita

3093 2200 3147 2250 te
3177 2192 3272 2251 illa
3298 2194 3473 2252 etiam
3502 2194 3680 2271 pulue

3090 2305 3214 2345 rem
3241 2297 3497 2346 uestrum

3090 2382 3338 2440 excutite
3369 2383 3429 2440 in
3455 2382 3688 2443 testimo

3090 2476 3251 2535 nium
3280 2495 3453 2553 supra
3480 2477 3609 2537 illos
3627 2507 3642 2524 ·

3089 2610 3109 2641 ⁶
3127 2608 3363 2685 Egressi
3391 2619 3584 2669 autem
3613 2611 3775 2671 ibant

3091 2721 3192 2779 per
3221 2703 3453 2762 castella
3478 2713 3536 2762 et
3563 2706 3675 2763 ciui

3093 2806 3235 2856 tates
3254 2828 3268 2843 ·
3341 2797 3627 2876 Euangeli

3091 2902 3287 2950 zantes
3316 2893 3530 2970 ubique
3554 2924 3569 2941 ·

3087 2986 3111 3018 '¹
3128 2987 3369 3046 Audiuit
3396 2998 3590 3047 autem
3617 2988 3693 3049 he

3088 3081 3258 3139 rodes
3288 3083 3573 3142 tetrarcha.

3088 3176 3289 3234 omnia
3316 3195 3634 3256 quecumqs

3088 3279 3250 3327 erant
3278 3270 3428 3331 sacta
3458 3272 3534 3330 ab
3561 3292 3635 3334 eo
3653 3306 3669 3322 ·

3087 3361 3163 3420 Et
3192 3368 3668 3428 consternebatur

3084 3474 3157 3515 eo
3187 3460 3349 3535 quod
3377 3460 3657 3521 diceretur

3083 3549 3105 3581 ⁸
3124 3569 3160 3610 a
3186 3554 3534 3629 quibusdam
3553 3587 3569 3603 ·

3087 3648 3249 3721 quod
3278 3648 3547 3710 iohannis
3576 3669 3675 3711 sur

3086 3741 3229 3798 rexit
3258 3760 3293 3799 a
3321 3746 3564 3804 mortuis
3588 3776 3603 3793 ·

3086 3834 3142 3893 A
3171 3837 3522 3912 quibusdam
3551 3845 3684 3900 aute

3086 3929 3245 4006 quod
3275 3929 3455 3990 helias
3482 3952 3637 4012 appa

3085 4025 3197 4081 ruit
3216 4055 3230 4070 ·
3292 4027 3369 4084 ab
3396 4027 3520 4086 aliis
3549 4034 3684 4089 aute

3085 4119 3245 4194 quod
3273 4121 3497 4196 profeta
3523 4143 3676 4184 unus

3083 4212 3154 4270 de
3183 4215 3435 4293 antiquis
3464 4235 3662 4277 surrex

3080 4308 3187 4365 sit·
3248 4310 3367 4369 9Αἱῑ
3396 4320 3593 4372 autem
3623 4314 3698 4374 he

3078 4402 3251 4463 rodes
3270 4436 3283 4450 ·
3346 4406 3662 4467 iohannem

3080 4514 3195 4573 ego
3227 4498 3509 4560 decollaui
3531 4534 3545 4549 ·
3605 4503 3700 4563 hic

3083 4593 3211 4668 quis
3238 4602 3326 4652 est
3353 4593 3425 4653 de
3455 4612 3575 4673 quo
