4414 4917
908 513 935 557 1
946 495 987 557 6
995 512 1031 558 2
2116 451 2358 555 I'bHA’IZI
2389 538 2421 569 ,‚

2167 590 2282 626 nem

904 659 1041 710 x1x.
1073 667 1270 723 27—40.

2554 882 2807 942 crucifixi
2838 893 2971 941 sunt
2999 899 3126 941 cum
3156 882 3260 939 ihu

2391 981 2538 1042 ”Ad
2565 982 2686 1040 ihm
2715 992 2907 1040 autem
2937 999 3070 1040 cum
3098 982 3256 1039 uentis·

1231 883 1514 960 discipulo
1540 901 1679 943 ecce
1708 893 1890 942 mater

1229 994 1327 1043 tua
1355 1003 1428 1042 ex
1456 982 1553 1042 illa
1581 983 1728 1042 hora
1756 1000 1895 1042 acce

1229 1086 1315 1162 pit
1345 1084 1502 1143 illam
1532 1083 1851 1160 discipulus
1880 1085 1941 1141 in

1230 1201 1334 1241 sua
1364 1192 1712 1258 potestatem

1110 1278 1154 1312 ¹⁸
1174 1280 1388 1340 Postea
1417 1280 1505 1338 ihs
1535 1280 1725 1339 sciens
1754 1280 1892 1356 quia
1920 1279 2024 1338 ia-

1230 1379 1431 1437 omnia
1459 1387 1864 1437 consummata

1230 1487 1364 1537 sunt
1391 1476 1507 1536 atet
1535 1493 1917 1536 consummen

1232 1585 1324 1634 tur
1354 1576 1673 1652 scripturae

1230 1674 1369 1733 dicit
1399 1674 1528 1732 sitio
1555 1673 1600 1708 ²⁹
1617 1690 1721 1731 uas
1757 1672 2016 1749 positum

1207 1784 1354 1857 ‘erat
1382 1781 1552 1832 aceto
1579 1783 1636 1830 et
1665 1770 1893 1848 hysopo

1218 1872 1463 1948 plenum
1493 1870 1806 1947 spongiam
1833 1887 1895 1927 er

1230 1988 1309 2047 go
1338 1969 1572 2046 plenam
1602 1978 1771 2027 aceto
1798 1967 1944 2043 perti

1229 2089 1286 2126 ce
1313 2069 1824 2144 circumponentes
1853 2066 1933 2124 ob

1230 2166 1477 2225 tulerunt
1507 2165 1631 2223 eius
1661 2164 1748 2222 ori

1165 2265 1210 2297 ³⁰
1230 2284 1360 2324 cum
1388 2283 1532 2341 ergo
1562 2263 1881 2340 accepisset
1913 2262 2000 2320 ihs

1231 2374 1464 2424 acetum
1495 2363 1638 2422 dixit
1668 2378 1916 2421 consum

1231 2473 1453 2522 matum
1482 2473 1569 2520 est
1599 2461 1796 2520 inclito
1825 2461 1959 2538 capi

1232 2573 1287 2622 te
1318 2561 1549 2621 tradidit
1577 2565 1708 2637 spn'i

1169 2659 1210 2694 ’¹
1234 2661 1430 2719 iudaei
1458 2677 1600 2736 ergo
1630 2659 1896 2736 quonia*
1925 2674 2066 2734 para

1236 2758 1524 2818 sceusserat
1552 2768 1617 2816 ut
1645 2775 1766 2815 non
1799 2774 1858 2814 re

1232 2865 1533 2915 manerent
1562 2856 1622 2913 in
1652 2871 1822 2912 cruce
1853 2869 1955 2911 cor

1217 2967 1372 3031 pora
1407 2955 1653 3011 sabbato
1681 2960 1805 3009 erat
1832 2950 1978 3008 eni·

1232 3069 1481 3127 magnus
1511 3051 1633 3109 dies
1669 3049 1893 3107 sabbati

1233 3159 1580 3226 rogauerunt
1608 3147 1852 3224 pilatum

1231 3258 1293 3306 ut
1323 3248 1725 3325 frangerentur
1753 3263 1955 3305 eorum

1233 3365 1397 3406 crura
1424 3356 1481 3405 et
1514 3345 1851 3405 tollerentur

1116 3444 1158 3480 δ’
1177 3445 1478 3506 Uenerunt
1508 3461 1650 3521 ergo
1681 3443 1802 3501 mili

1231 3545 1304 3603 tis
1331 3555 1388 3602 et
1416 3544 1567 3602 illius
1597 3541 1833 3619 quidem
1871 3540 1959 3616 pri

1233 3643 1314 3701 mi
1343 3641 1639 3718 fregerunt
1666 3657 1835 3698 crura

1232 3751 1289 3800 et
1317 3741 1546 3800 alterius
1576 3739 1677 3816 qui
1704 3739 1882 3796 simul

2556 1091 2684 1141 sent
2710 1091 2768 1139 et
2795 1080 3063 1138 uiderunt
3084 1097 3219 1137 eum

2555 1181 2671 1238 iam
2700 1188 2995 1238 mortuum
3024 1195 3145 1236 non
3174 1176 3257 1236 fre

2555 1287 2762 1354 gerunt
2790 1277 2914 1335 eius
2943 1295 3110 1335 crura

2493 1373 2541 1412 ⁸⁴
2559 1394 2711 1435 unus
2740 1375 2987 1434 militum
3018 1373 3218 1432 lancea
3248 1373 3304 1431 la

2554 1487 2648 1535 tus
2675 1474 2800 1534 eius
2828 1472 3071 1550 pepugit
3098 1479 3160 1530 et
3182 1473 3290 1530 exi

2553 1574 2635 1633 uit
2656 1574 2935 1633 continuo
2965 1571 3202 1647 sanguis

2552 1682 2610 1731 et
2638 1689 2791 1749 aqua
2817 1669 2862 1703 ⁸⁸
2878 1679 2936 1729 et
2964 1669 3062 1746 qui
3091 1666 3235 1726 uidit
3262 1668 3392 1726 testi

2553 1771 2815 1830 monium
2849 1768 3146 1845 perhibuit
3166 1774 3219 1824 et

2554 1888 2758 1929 uerum
2785 1877 2872 1926 est
2898 1867 3022 1926 eius
3049 1866 3267 1924 testimo

2553 1979 2719 2037 nium
2746 1987 2804 2035 et
2833 1975 2923 2033 ille
2953 1975 3059 2034 scit
3086 1976 3221 2050 quia
3253 1993 3319 2030 ue

2554 2096 2619 2136 ra
2647 2075 2785 2135 dicit
2813 2084 2876 2132 ut
2904 2082 2961 2133 et
2987 2090 3097 2131 uos
3125 2072 3289 2130 creda

2556 2177 2628 2234 tis
2656 2175 2697 2207 ⁸⁶
2714 2173 2863 2232 sacta
2890 2181 3025 2231 sunt
3052 2172 3196 2229 enim
3225 2170 3356 2227 haec

2554 2283 2618 2333 ut
2647 2272 2930 2348 scriptura
2958 2271 3281 2347 impleretur

2555 2391 2624 2432 os
2652 2390 2776 2431 non
2806 2369 3209 2430 comminuetis
3235 2386 3313 2426 ex

2556 2491 2630 2532 eo
2659 2471 2775 2528 ⁸''et
2803 2470 3008 2528 iterum
3036 2468 3301 2526 uidebant

2555 2569 2616 2626 in
2645 2583 2821 2642 quem
2848 2561 3272 2622 transfixerunt

2433 2668 2479 2700 ⁸⁸
2500 2665 2643 2725 Post
2657 2660 2777 2706 ¹¹⁸oe
2795 2672 2985 2720 autem
3016 2661 3254 2734 rogauit
3261 2661 3394 2736 pila

2558 2773 2681 2823 tum
2711 2759 2917 2836 ioseph
2947 2760 3022 2816 ab
3052 2759 3297 2817 art‘nzath

2557 2859 2614 2916 ia
2641 2856 2777 2934 quia
2804 2862 2927 2913 erat
2953 2853 3261 2929 discipulus

2556 2952 2719 3015 ihud·
2749 2964 2808 3012 et
2835 2952 3092 3030 permisit
3109 2953 3332 3028 pilatus

2554 3062 2838 3113 uenerunt
2866 3060 3052 3109 autem
3085 3057 3138 3108 et
3160 3058 3321 3108 sustu

2554 3154 2742 3212 lerunt
2768 3168 2903 3210 eum
3325 3148 3333 3159 ‘

2432 3254 2476 3287 ⁸⁹
2497 3251 2676 3310 Uenit
2709 3260 2904 3309 autem
2932 3247 3257 3306 nicodemus

2557 3350 2657 3427 qui
2683 3341 2846 3407 u¹i3rat
2876 3347 2951 3406 ad
2981 3346 3101 3406 ihm
3133 3353 3286 3404 nocte

2558 3449 2808 3526 primum
2837 3445 3025 3504 ferens
3054 3446 3244 3503 mixtu

2556 3565 2680 3606 ram
2723 3587 3431 3605 ........

2559 3645 2724 3723 quasi
2826 3685 3435 3704 .......

2436 3747 2482 3780 ⁴⁰
2498 3745 2865 3821 Acceperunt
2892 3761 3023 3817 ergo
3051 3749 3104 3799 et

2445 3861 2507 3909 .h.
2546 3857 2736 3909 occulte
2757 3873 2877 3920 ergo
2901 3863 3101 3920 propter
3124 3861 3309 3904 metum

2541 3941 2795 3991 iudeorum
2820 3944 2873 3988 ut
2899 3938 3095 3988 tolleret
3116 3944 3293 4001 corpus
