4414 4917
840 356 964 424 130

538 521 665 569 ποι.
685 522 811 571 190.
835 512 880 546 ²⁸
898 512 969 571 de
999 509 1241 569 mortuis
1269 518 1449 568 aute-

835 605 996 684 quod
1024 614 1328 681 resurgunt

837 719 961 760 non
1004 699 1218 775 legistis
1247 699 1307 755 in
1337 697 1375 755 li

837 797 946 853 bro
975 793 1164 870 moysi
1193 792 1252 849 in
1281 809 1347 849 ru

837 891 917 948 bo
939 919 953 934 ·
1026 888 1170 946 sicut
1199 886 1342 943 dixit
1369 884 1408 942 il

837 983 875 1041 li
905 984 973 1042 ds
1002 982 1200 1041 dicens
1221 1012 1234 1026 ·
1305 998 1419 1056 ego

837 1096 967 1137 sum
995 1077 1062 1135 (Ῑὲ
1090 1073 1367 1134 abraham

837 1184 894 1230 et
923 1172 990 1229 ds
1018 1172 1173 1229 isaac
1200 1200 1214 1215 ·
1258 1178 1315 1225 et
1344 1167 1413 1225 ds

840 1265 1012 1324 iacob
1032 1296 1046 1309 ·
1111 1261 1153 1294 ²⁷
1173 1280 1292 1321 non
1322 1270 1409 1320 est

839 1360 907 1418 ds
935 1368 1294 1416 mortuorum

840 1450 936 1512 sed
965 1452 1032 1509 ds
1062 1452 1331 1509 uiuorum

842 1545 972 1605 Uos
999 1564 1141 1622 ergo
1170 1543 1354 1601 multt‘t

842 1640 1033 1700 erratis
1053 1671 1066 1685 ·
1090 1671 1103 1685 ·
1124 1670 1139 1685 ·
1183 1634 1226 1670 ²⁸
1242 1637 1319 1695 Et
1347 1654 1518 1695 acces

842 1735 915 1793 sit
941 1751 1092 1792 unus
1121 1732 1191 1791 de
1221 1731 1332 1790 scri

841 1829 930 1888 bis
959 1827 1057 1905 qui
1085 1826 1343 1885 audierat

840 1922 969 1982 illos
997 1920 1319 1997 conquiren

839 2027 925 2075 tes
944 2048 959 2064 ·
1020 2025 1077 2074 et
1105 2013 1309 2073 uidens

841 2116 983 2188 qfim
1013 2110 1158 2167 bene
1187 2108 1298 2166 illis

839 2202 1165 2282 respondit·
1237 2202 1383 2259 inter

840 2299 1068 2374 rogauit
1094 2314 1231 2355 eum

843 2427 1004 2508 quod
1031 2439 1119 2488 est
1146 2445 1359 2506 precep

841 2535 965 2583 tum
994 2523 1275 2601 primum·

840 2617 885 2652 ²⁹
905 2617 1293 2694 Respondens
1322 2619 1454 2674 aute

840 2712 931 2771 ihs
959 2712 1101 2770 dixit
1127 2710 1201 2768 ad
1229 2726 1365 2768 eum

844 2805 1131 2866 Omnium
1160 2804 1413 2880 primum

843 2898 1185 2957 mandatum
1267 2895 1401 2954 audi

844 2993 915 3051 isi
982 2991 1093 3050 dfis
1122 2991 1190 3049 ds
1219 3000 1415 3049 noster

844 3086 956 3145 dns
984 3103 1136 3143 unus
1163 3094 1283 3142 est·
1341 3083 1386 3115 ⁸⁰
1402 3093 1458 3142 et
1487 3083 1545 3141 di

842 3180 989 3255 liges
1018 3180 1160 3238 dr'im
1189 3179 1289 3237 dm
1319 3183 1421 3236 tuti

840 3293 915 3333 ex
946 3284 1071 3333 toto
1101 3273 1275 3332 corde
1304 3282 1406 3331 tuo
1431 3301 1490 3317 ·-

842 3378 901 3428 et
920 3387 993 3427 ex
1017 3378 1139 3427 tota
1157 3368 1350 3426 anima
1373 3377 1547 3426 tua·-

761 3465 817 3510 et
840 3482 912 3522 ex
936 3473 1061 3523 toto
1092 3480 1267 3522 senso
1295 3472 1396 3520 tuo
1420 3494 1479 3508 ·-

842 3567 900 3616 et
921 3576 994 3616 ex
1019 3567 1141 3616 tota
1161 3557 1366 3615 uirtute

841 3661 944 3710 tua
967 3683 980 3696 ·
1052 3650 1168 3710 hoc
1197 3660 1285 3709 est
1313 3649 1401 3726 pri

842 3763 1007 3803 mum
1036 3754 1373 3821 preceptum

840 3838 883 3872 ⁸¹
902 3838 979 3897 Et
1006 3838 1326 3896 secundum
1364 3838 1546 3899 simile

841 3931 975 3991 huic
997 3963 1011 3978 ·
1097 3932 1301 4008 diliges
1329 3934 1498 4009 proxi

842 4044 1005 4084 mum
1032 4034 1195 4084 tuum
1222 4037 1507 4104 tamqua-

841 4120 1092 4196 teipsum
1175 4120 1364 4180 maius

841 4213 1047 4273 horum
1076 4212 1230 4272 aliud

2205 336 2455 398 SEU·-

1587 516 1928 585 preceptum
1957 525 2077 568 non
2107 517 2194 567 est
2213 540 2225 555 ·

1589 600 1633 635 ⁸²
1650 601 1723 660 Et
1742 604 1819 660 ait
1838 602 1914 659 illi
1932 603 2120 662 scriba
2139 633 2153 648 ·
2185 603 2259 661 be

1588 710 1662 754 ne
1693 695 1883 754 dixisti
1911 697 2186 773 magister

1588 791 1649 848 in
1677 792 1913 849 ueritate
1984 789 2145 867 quod

1588 901 1741 942 unus
1770 885 1842 942 sit
1870 884 1937 942 ds
1962 916 1974 929 ·
2049 903 2156 942 nec
2187 883 2260 943 sit

1589 978 1732 1037 alius
1760 987 1947 1055 preter
1975 977 2137 1035 illum

1590 1072 1632 1103 ³³
1652 1082 1710 1129 et
1738 1072 1817 1130 ita
1845 1071 2172 1147 diligendus

1587 1185 1660 1225 ex
1692 1175 1815 1224 toto
1844 1167 2021 1225 corde
2090 1176 2146 1224 et
2173 1184 2248 1223 ex

1589 1262 1753 1319 omni
1782 1262 1987 1319 uirtute
2014 1294 2026 1306 ·
2087 1270 2143 1318 et
2172 1279 2245 1318 ex

1589 1355 1863 1413 omnibus
1890 1355 2108 1413 uiribus

1588 1458 1646 1507 et
1673 1467 1745 1506 ex
1777 1459 1899 1508 tota
1927 1450 2122 1506 anima
2150 1465 2287 1505 sua·

1591 1543 1667 1602 Et
1695 1543 1926 1619 diligere
1957 1542 2226 1619 proximu

1590 1647 1892 1713 tamquam
1920 1638 2163 1713 seipsu-

1590 1730 1704 1790 hoc
1736 1732 1924 1790 maius
1954 1740 2041 1788 est
2068 1730 2233 1788 omni

1591 1827 1702 1884 bus
1729 1824 2088 1883 holocaustis

1590 1928 1648 1977 et
1677 1919 1928 1977 uictimis
1948 1950 1960 1964 ·
2006 1917 2048 1951 ⁸¹
2071 1916 2148 1976 Et
2176 1917 2266 1975 ihs

1593 2012 1799 2071 uidens
1829 2011 1989 2089 quod
2018 2030 2127 2089 pru

1592 2107 1794 2166 denter
1821 2106 1929 2164 sibi
1958 2123 2172 2183 respon

1594 2201 1769 2259 disset
1793 2232 1807 2246 ·
1873 2199 2016 2259 dixit
2037 2232 2051 2247 ·
2123 2217 2246 2258 non

1594 2296 1767 2373 longe
1795 2314 1859 2355 es
1887 2317 1923 2356 a
1950 2312 2135 2372 regno
2166 2295 2227 2354 di

1596 2427 1671 2487 Et
1699 2445 1874 2487 nemo
1903 2428 2018 2487 iam
2047 2426 2198 2487 aude

1596 2525 1694 2582 bat
1720 2541 1859 2582 eum
1887 2524 2179 2600 interroga

1593 2635 1656 2677 re
1685 2618 2007 2695 quidquam
2027 2649 2039 2663 ·
2064 2649 2077 2662 ·
2098 2649 2179 2660 —

1594 2712 1637 2745 ’ὅ
1654 2710 1730 2770 Et
1758 2711 2121 2788 respondens
2150 2709 2240 2768 ihs

1594 2806 1816 2865 docens
1845 2807 1906 2864 in
1936 2804 2156 2881 templo

1594 2899 1738 2957 dixit
1819 2898 2123 2974 quomodo

1593 2993 1795 3052 dicunt
1821 2994 2040 3052 scribae
2069 2997 2212 3068 xpm

1593 3088 1775 3146 filium
1803 3105 1930 3145 esse
1959 3087 2134 3145 dauid
2154 3118 2167 3132 ·

1594 3181 1787 3257 ⁸⁴Ipse
1815 3181 1971 3239 enim
2001 3180 2176 3239 dauid
2206 3181 2265 3238 in

1594 3281 1706 3351 spu
1735 3282 1838 3334 sco
1867 3275 2013 3334 dixit
2082 3275 2221 3334 dicit

1594 3369 1705 3429 dfis
1733 3369 1853 3428 dfio
1881 3387 2014 3429 meo
2043 3369 2176 3428 sede

1596 3463 1669 3522 ad
1698 3464 1960 3523 dextram
1990 3474 2173 3522 mea-

1595 3558 1784 3617 donec
1814 3575 2036 3635 ponam
2065 3557 2148 3616 ini

1593 3653 1781 3710 micos
1809 3662 1943 3711 tuos
2014 3669 2114 3711 sca

1593 3746 1831 3804 mellum
1858 3745 2078 3822 pedum
2105 3756 2168 3804 tu

1593 3857 1762 3898 orum
1784 3871 1797 3885 ·
1882 3838 1927 3871 ⁸⁷
1944 3840 2069 3914 ipse
2099 3840 2278 3899 dauid

1594 3932 1731 3993 dicit
1758 3951 1895 3991 eum
1930 3933 2072 3991 dr‘im
2096 3966 2109 3982 ·
2191 3933 2266 3993 Et

1593 4027 1748 4085 unde
1777 4038 1863 4086 est
1892 4028 2043 4087 filius
2070 4028 2195 4086 eius

1590 4119 1667 4179 Et
1694 4120 1878 4179 multa
1906 4123 2071 4181 turba
2099 4121 2137 4181 li

1590 4214 1789 4274 benter
1815 4234 1951 4274 eum
1980 4216 2146 4276 audie

3351 346 3499 412 [xn.
3523 349 3776 405 26-xm.
3800 360 3845 414 7·

2391 509 2527 567 bat·

2391 602 2461 660 lis
2491 603 2549 660 in
2587 603 2851 662 doctrina

2392 715 2497 755 sua
2523 728 2538 743 ·
2622 697 2810 755 uidete
2840 714 2875 754 a
2903 696 3018 754 scri

2391 791 2482 850 bis
2551 791 2654 868 qui
2682 790 2892 850 uolunt
2918 790 2980 848 in

3146 603 3302 662 misit
3330 614 3516 664 totum
3545 607 3706 666 uictfi

3223 723 3311 749 sn
3339 715 3512 757 suum
3540 724 3623 752 se-

3096 790 3126 824 *
3145 788 3338 850 13.¹Et
3354 810 3492 851 cum
3509 794 3688 852 exiret
3700 793 3771 852 de
3788 798 3845 853 te·

2394 884 2558 944 stolis
2585 884 2884 943 ambulare
3099 887 3128 919 ¹⁸²
3149 885 3249 961 plo
3273 918 3285 931 ·
3332 887 3412 945 ait
3440 886 3518 944 illi
3548 905 3702 946 unus

2391 989 2448 1037 et
2478 978 2709 1037 salutari
2738 978 2798 1035 in
2828 976 2887 1036 so
3093 976 3122 1008 ¹⁸²
3145 997 3220 1037 ex
3250 979 3548 1057 discipulis
3576 981 3696 1039 suis
3720 1013 3733 1027 ·
3799 1004 3806 1009 ·

2392 1091 2457 1131 ro
2482 1104 2494 1118 ·
2579 1072 2624 1105 ³⁹
2642 1071 2718 1130 Et
2745 1072 2806 1129 in
2836 1071 3037 1147 primis
3096 1070 3126 1104 ¹⁸²
3144 1073 3417 1149 magister
3496 1075 3694 1150 aspice

2392 1165 2676 1224 cathedris
2703 1165 2902 1224 sedere
3145 1166 3348 1242 quales
3376 1167 3596 1244 lapides
3624 1179 3682 1228 et

2395 1261 2454 1319 in
2484 1260 2801 1337 synagogis
2819 1290 2834 1305 ·
2919 1258 2995 1317 Et

2394 1355 2454 1414 in
2484 1356 2704 1431 primos
2732 1354 2896 1412 discu

2393 1449 2547 1508 bitos
2575 1450 2635 1506 in
2663 1448 2903 1507 conuiui

2396 1544 2444 1601 is
2465 1575 2478 1589 ·
2564 1542 2610 1576 ⁴⁰
2628 1544 2729 1618 qui
2758 1542 2829 1601 de

2393 1646 2605 1695 uorant
2633 1637 2844 1695 domos
2872 1636 2932 1692 ui

2398 1732 2648 1790 duarum
2678 1739 2735 1789 et
2764 1748 2843 1807 pu

2394 1825 2667 1903 pillorum
2694 1840 2871 1883 occas
2937 1892 2947 1902 ,

2397 1920 2562 1978 sione
2589 1918 2768 1994 longa
2796 1935 2834 1976 o

3146 1260 3346 1337 quales
3375 1270 3689 1320 structuras

3146 1353 3347 1430 templi
3370 1386 3384 1401 ·
3467 1356 3561 1414 ’et
3590 1355 3679 1415 ihs
3707 1373 3797 1416 res

3148 1448 3417 1525 pondens
3445 1450 3525 1509 ait
3552 1450 3661 1508 illis
3680 1483 3763 1492 —

3147 1543 3356 1601 uidetis
3384 1542 3526 1602 haec
3556 1543 3757 1602 omnia

3148 1654 3365 1713 magna
3393 1637 3654 1696 aedificia
3678 1668 3738 1683 ·-

3147 1729 3340 1790 Amen
3364 1730 3496 1791 dico
3523 1732 3694 1791 uobis
3723 1749 3846 1791 non

3147 1825 3497 1902 relinquetur
3525 1825 3618 1885 hic
3647 1825 3704 1884 la

3146 1920 3237 1996 pis
3267 1938 3441 1997 super
3467 1920 3720 1998 lapidem

3147 2014 3248 2090 qui
3291 2032 3414 2072 non
3441 2014 3766 2074 destruatur

3147 2107 3392 2167 ⁸Etcum
3413 2108 3632 2168 sederet
3643 2110 3702 2167 in
3713 2120 3847 2168 m0n

3147 2212 3264 2260 tem
3292 2202 3491 2261 oliueti
3519 2213 3724 2263 contra

3148 2296 3426 2373 templum
3457 2298 3671 2358 interro

2397 2022 2590 2072 rantes
2612 2042 2626 2057 ·
2712 2010 2773 2069 hi
2801 2011 2985 2087 accipi

2397 2115 2495 2164 ent
2525 2105 2806 2181 prolixius
2833 2105 2892 2162 iu
3007 2101 3014 2107 ’

2397 2200 2614 2259 dicium
2635 2231 2648 2245 ·
2669 2230 2682 2245 ·
2711 2231 2724 2245 ·
2769 2199 2810 2233 ⁴¹
2828 2197 2903 2257 Et
2933 2216 3048 2257 con

2397 2304 2483 2353 tra
2510 2293 2907 2369 gazofilaciu-

2397 2425 2604 2486 sedens
2632 2425 2754 2485 ihs·
2840 2426 3055 2503 aspicie

2395 2523 2496 2580 bat
2523 2518 2827 2598 quomodo
2855 2531 2948 2579 tur
3148 2539 3279 2579 sum
3305 2554 3318 2567 ·
3364 2532 3561 2599 petrus

2396 2617 2506 2675 bae
2537 2616 2818 2674 iactarent
2845 2633 2944 2674 aes
2974 2615 3034 2672 in
3147 2626 3205 2675 et
3234 2617 3476 2676 iacobus
3503 2628 3560 2677 et
3588 2619 3648 2677 io

2395 2708 2800 2786 gazofilacium
2820 2739 2833 2754 ·
2919 2708 2995 2767 Et
3149 2709 3374 2769 hannes
3444 2720 3503 2770 et
3528 2712 3708 2771 andre

2394 2803 2560 2862 multi
2587 2802 2795 2862 diuites
2824 2803 2976 2861 iacta
3148 2822 3213 2862 as
3297 2806 3318 2837 ⁴
3340 2805 3432 2865 dic
3463 2807 3632 2865 nobis
3659 2824 3821 2884 quan

2394 2897 2536 2956 bant
2563 2897 2777 2955 multa·
2805 2929 2818 2942 ·
2876 2895 2921 2929 ⁴²
2943 2895 3098 2955 Cum
3148 2898 3227 2957 do
3256 2898 3364 2957 hec
3394 2899 3541 2958 fiunt
3619 2911 3678 2959 et

2394 2992 2646 3051 uenisset
2674 3001 2868 3049 autem
2897 3009 2936 3048 u
3146 2993 3309 3069 quod
3338 2994 3572 3069 signum
3602 3000 3678 3055 οῦ

2395 3104 2473 3145 na
2500 3086 2680 3145 uidua
2707 3086 2862 3144 misit
2891 3103 3024 3144 aera
3145 3086 3444 3162 coeperint
3471 3087 3617 3148 haec

2395 3180 2515 3239 duo
2598 3179 2759 3256 quod
2787 3190 2875 3238 est
2903 3198 3023 3257 qua
3147 3180 3349 3239 omnia
3377 3199 3624 3241 consum

2393 3273 2568 3331 draus
2592 3303 2605 3319 ·
2689 3273 2734 3306 ⁴³
2756 3272 2832 3332 Et
2858 3291 3056 3332 conuo
3149 3274 3295 3331 mari
3314 3305 3327 3320 ·
3354 3305 3367 3321 ·
3394 3306 3408 3320 ·
3455 3275 3477 3307 ⁶
3495 3275 3572 3333 Et
3600 3294 3816 3353 respon

2396 3385 2538 3426 cans
2568 3367 2889 3443 discipulos
2919 3386 2988 3425 su
3149 3367 3294 3427 dens
3323 3369 3412 3428 ihs
3480 3371 3674 3448 coepit

2397 3480 2467 3521 os
2493 3462 2572 3520 ait
2601 3462 2713 3521 illis
2735 3494 2748 3508 ·
2835 3462 3028 3520 Amen
3148 3461 3338 3521 dicere
3367 3463 3476 3522 illis
3497 3496 3509 3511 ·

2396 3556 2529 3615 dico
2558 3557 2729 3615 uobis
2811 3557 3082 3633 quonia·-
3147 3556 3357 3616 Uidete
3389 3576 3462 3618 ne
3491 3561 3624 3636 quis
3653 3579 3765 3621 uos

2395 3650 2573 3708 uidua
2599 3669 2820 3727 aegena
2846 3650 2954 3710 hec
3147 3650 3386 3712 seducat
3466 3654 3670 3713 ‘multi

2395 3745 2527 3821 plus
2555 3745 2830 3804 omnibus
2858 3745 3014 3803 misit

2395 3839 2456 3896 in
2485 3837 2887 3915 gazofilacium
2903 3871 2988 3882 -

2394 3933 2439 3964 ⁴⁴
2457 3950 2594 3990 nam
2622 3949 2830 3991 omnes
2857 3951 2931 3991 ex
2959 3949 3032 3992 eo

2394 4026 2557 4103 quod
2585 4026 2920 4088 abundabat
2948 4027 2987 4085 il
3144 4041 3204 4087 et
3234 4030 3447 4090 multos
3476 4032 3618 4090 sedu

2395 4121 2463 4181 lis
2494 4121 2775 4180 miserunt
2857 4121 2989 4181 Hec
3147 4134 3283 4184 cent
3303 4158 3316 4171 ·
3340 4158 3352 4171 ·
3380 4158 3392 4172 ·
3449 4125 3472 4158 ⁷
3491 4126 3646 4186 Cum
3674 4133 3809 4188 aute

2397 4226 2592 4276 autem
2610 4216 2682 4275 de
2701 4217 2941 4293 penuria
2959 4235 3064 4278 sua
3082 4253 3091 4264 ·
3148 4218 3440 4279 audieritis
3469 4219 3620 4281 bella

3145 2429 3365 2504 gabant
3392 2446 3529 2488 eum
3558 2446 3686 2491 seor

3146 3746 3305 3803 enim
3334 3748 3571 3807 uenient

3146 3840 3207 3897 in
3237 3841 3476 3901 nomine
3505 3861 3638 3903 meo

3145 3933 3403 3994 dicentes
3430 3955 3545 4013 ego
3575 3945 3645 3997 εὖ
3668 3972 3682 3985 ·

2612 507 2656 542 ⁸⁸
2674 507 2751 566 Et
2780 506 3009 567 dicebat
3039 506 3077 566 il
3148 509 3351 568 omnia
3375 528 3526 587 quae
3562 510 3765 571 habuit
3871 525 3998 573 rol.
4021 527 4136 574 191.
