4414 4917
501 497 624 547 Pol.
647 496 741 547 46.

789 339 874 402 24

787 511 917 552 mas
949 493 1267 569 exigebant

785 587 861 646 ad
892 597 1121 663 petrum
1151 597 1210 646 et

786 682 1088 741 dixerunt·
1145 699 1245 739 ma

784 775 962 851 gister
988 783 1180 833 uester
1213 786 1326 834 n0n

783 869 969 928 soluet
997 869 1205 945 didrag

784 980 885 1021 ma
940 962 988 995 ²⁶
1005 963 1083 1021 ait
1150 964 1325 1021 etiam
1345 992 1360 1008 ·

783 1055 862 1115 Et
890 1074 1025 1114 cum
1058 1057 1326 1115 intrasset

780 1148 841 1207 in
870 1151 1111 1209 domum
1134 1181 1148 1196 ·
1206 1168 1309 1227 pre

782 1243 944 1301 uenit
972 1262 1107 1326 eum
1136 1244 1225 1302 ihs

784 1336 988 1396 dicens
1011 1368 1026 1383 ·
1083 1338 1223 1414 quid
1246 1338 1287 1397 ti

785 1430 844 1488 bi
872 1429 1098 1489 uidetur
1127 1432 1308 1489 simon
1329 1464 1343 1478 ·

788 1522 986 1600 Reges
1014 1535 1160 1583 terre
1192 1545 1227 1585 a
1256 1526 1354 1603 qui

784 1618 897 1676 bus
925 1619 1222 1695 accipiunt
1248 1621 1318 1679 tri

786 1711 990 1770 butum
1054 1714 1146 1772 uel
1177 1733 1288 1774 cen

787 1823 918 1864 sum
944 1837 957 1852 ·
1023 1824 1058 1864 a
1088 1807 1213 1865 filiis
1249 1809 1365 1867 suis
1390 1839 1404 1855 ·

786 1910 886 1958 aut
916 1901 991 1958 ab
1020 1901 1219 1959 alienis
1239 1933 1254 1948 ·

784 1991 828 2025 ¹⁶
846 1992 1001 2052 Dicit
1028 1995 1080 2052 ei
1110 2008 1304 2071 petrus
1333 1997 1408 2055 ab

786 2086 985 2145 alienis
1009 2118 1022 2133 ·
1088 2088 1245 2147 Dicit

785 2180 862 2238 illi
890 2180 978 2239 ihs
1007 2200 1147 2257 ergo
1175 2183 1287 2241 libe

785 2275 830 2332 ri
863 2286 998 2333 sunt
1025 2276 1122 2333 filii
1141 2308 1155 2322 ·
1199 2275 1243 2309 ²⁷
1271 2277 1355 2337 Ut

786 2419 980 2467 autem
1009 2426 1128 2469 non
1158 2428 1298 2469 scan

787 2503 1101 2562 dalizemus
1128 2523 1232 2564 eos
1253 2536 1266 2551 ·
1331 2524 1406 2564 ua

788 2596 935 2661 dens
964 2597 1038 2654 ad
1068 2615 1226 2656 mare
1248 2631 1262 2644 ·
1308 2600 1414 2656 mit

716 2740 729 2759 ,
788 2701 843 2748 te
872 2690 1112 2748 hamum
1169 2704 1226 2751 et
1253 2711 1388 2751 eum

788 2783 887 2859 qui
918 2784 1135 2859 primus
1165 2804 1342 2844 ascen

790 2877 935 2935 derit
964 2878 1184 2952 piscem
1215 2879 1296 2937 tol

789 2970 840 3028 le
870 2982 927 3028 et
955 2972 1222 3045 aperiens
1250 2991 1317 3032 os

787 3063 910 3122 eius
945 3064 1245 3123 inueniens

787 3168 1058 3215 staterem
1114 3159 1275 3218 illum

785 3251 1076 3326 accipiens
1106 3253 1181 3310 da
1210 3254 1293 3312 eis

785 3363 895 3422 pro
923 3363 1019 3405 me
1047 3356 1104 3404 et
1133 3357 1187 3406 te
1211 3380 1227 3394 ·

788 3444 885 3499 18.
920 3436 938 3469 ¹
960 3439 1032 3498 In
1053 3441 1146 3500 illa
1169 3441 1489 3502 horaacces

785 3546 982 3593 serunt
1011 3535 1270 3612 discipuli
1435 3601 1438 3604 ,

785 3627 862 3686 ad
895 3628 1015 3685 ihm
1045 3629 1302 3689 dicentes
1322 3662 1336 3676 ·

787 3720 938 3794 Quis
964 3734 1132 3798 putas
1160 3726 1347 3783 maior

785 3827 873 3875 est
899 3816 958 3873 in
985 3835 1169 3892 regno
1197 3818 1325 3877 celo

787 3928 915 3968 rum
937 3940 951 3955 ·
1003 3910 1113 3968 2Εῑ
1139 3928 1367 3971 uocans

787 4004 875 4061 ihs
905 4022 1150 4081 puerum
1187 4015 1247 4064 et

788 4098 983 4155 statuit
1011 4116 1146 4156 eum
1175 4099 1236 4157 in
1264 4118 1359 4158 me

789 4191 887 4250 dio
906 4208 1109 4249 eorum
1132 4222 1146 4238 ·
1190 4191 1212 4224 ⁸
1238 4203 1297 4252 et
1324 4192 1462 4252 dixit

2082 320 2458 382 SECUND
2489 352 2505 367 ·

1541 490 1736 550 Amen
1766 493 1900 552 dico
1934 493 2101 553 uobis
2126 524 2142 539 ·

1541 587 1651 644 nisi
1678 588 1949 646 conuersi
1981 588 2042 645 su

1542 681 1694 739 eritis
1762 690 1821 741 et
1847 682 2036 741 efficia

1542 775 1683 832 mini
1714 776 1861 834 sicut
1888 777 2053 852 pueri
2074 808 2090 823 ·

1541 887 1663 928 non
1691 869 1971 928 intrabitis
1999 871 2060 929 in

1537 980 1723 1037 regno
1751 963 2041 1023 caelorum
2065 995 2079 1011 ·

1540 1056 1561 1086 ⁴
1579 1055 1951 1133 Quicumque
1979 1077 2121 1135 ergo

1539 1147 1918 1209 humiliauerit
1938 1170 2001 1210 se

1540 1244 1687 1303 sicut
1726 1263 1870 1320 puer
1896 1246 2001 1304 iste

1542 1337 1634 1395 hic
1663 1339 1767 1397 erit
1794 1339 1976 1399 maior

1543 1432 1603 1490 in
1632 1450 1815 1508 regno
1848 1433 2081 1493 caelorii
2106 1465 2120 1479 ·

1541 1527 1563 1558 ⁶
1581 1524 1656 1583 Et
1685 1528 1785 1604 qui
1811 1529 2095 1604 acceperit

1539 1638 1784 1697 puerum
1807 1622 1984 1680 talem

1540 1733 1722 1772 unum
1750 1715 1810 1772 in
1839 1716 2001 1775 nomi

1541 1826 1616 1866 ne
1644 1826 1780 1866 meo
1810 1827 1905 1868 me
1934 1827 2077 1868 acce

1539 1903 1625 1979 pit
1650 1934 1664 1948 ·
1722 1903 1742 1935 ⁸
1760 1904 1856 1978 qui
1887 1914 2081 1962 autem

1541 1996 2019 2055 scandalizauerit

1542 2108 1723 2147 unum
1747 2089 1820 2148 de
1850 2091 2073 2167 pusillis

1543 2184 1663 2242 istis
1686 2183 2053 2243 credentibus

1543 2278 1603 2334 in
1634 2296 1727 2336 me
1747 2309 1761 2323 ·
1822 2279 2059 2355 expedit
2088 2280 2138 2337 ei

1547 2418 1609 2468 ut
1637 2410 2020 2486 suspendatur

1547 2503 1703 2563 mola
1736 2505 1980 2562 asinaria
2006 2506 2067 2563 in

1546 2597 1699 2657 collo
1728 2599 1851 2657 eius
1871 2629 1884 2644 ·
1951 2610 2005 2657 et
2035 2598 2109 2658 de

1545 2703 1839 2767 mergatur
1866 2693 1925 2750 in
1955 2712 2061 2769 pro

1546 2785 1787 2843 fundum
1819 2788 1993 2845 maris
2017 2818 2117 2832 ·—

1544 2880 1567 2912 '¹
1588 2879 1716 2938 Uae
1746 2880 1876 2938 huic
1908 2880 2131 2940 mundo
2161 2899 2195 2939 a

1548 2974 1837 3032 scandalis
1862 3005 1875 3019 ·
1936 2993 2112 3032 neces

1548 3084 1610 3126 se
1639 3067 1793 3124 enim
1829 3078 1914 3126 est
1955 3068 2087 3126 ueni

1548 3180 1608 3219 re
1638 3161 1976 3219 scandalum
2002 3193 2015 3208 ·

1548 3254 1769 3314 Uerum
1799 3265 1995 3314 tamen
2024 3274 2136 3314 uae

1508 3363 1514 3370 ·
1548 3348 1769 3407 homini
1809 3348 1887 3406 illi
1920 3367 2024 3424 per

1546 3460 1722 3518 quem
1751 3442 2073 3501 scandalu-

1547 3536 1800 3594 uenerit·
1844 3535 2042 3612 ⁸quod

1548 3630 1594 3687 si
1624 3647 1833 3687 manus
1860 3641 1958 3687 tua
1986 3629 2079 3688 uel

1547 3741 1651 3800 pes
1680 3733 1810 3781 tuus
1838 3724 2056 3782 scanda

1548 3817 1677 3876 lizat
1707 3829 1761 3875 te
1820 3818 2025 3876 excide
2054 3823 2128 3877 eii

1547 3922 1604 3970 et
1632 3911 1829 3987 proice
1859 3913 1964 3970 abs
1994 3921 2049 3970 te

1550 4006 1785 4064 Bonum
1817 4007 1918 4064 tibi
1947 4017 2033 4065 est

1546 4100 1697 4158 intro
1726 4101 1961 4159 introire

1547 4195 1606 4250 in
1633 4194 1811 4252 uitam
1835 4226 1849 4240 ·
1910 4194 2144 4254 clodum

2354 491 2448 550 uel
2478 492 2728 550 debilem
2748 523 2762 537 ·

2352 603 2532 661 quam
2562 586 2707 644 duas
2736 604 2834 644 ma

2352 697 2461 738 nus
2493 691 2552 738 et
2580 680 2729 738 duos
2756 698 2832 756 pe

2351 773 2455 832 des
2483 773 2794 833 habentem

2353 869 2499 927 mitti
2524 869 2585 926 in
2614 870 2814 944 ignem

2350 974 2652 1021 aeternum
2676 994 2690 1010 ·
2735 963 2756 996 ⁹
2773 961 2850 1021 Et
2881 962 2929 1021 si

2349 1055 2555 1115 oculus
2583 1066 2715 1115 tuus
2749 1074 2890 1115 scan

2349 1150 2559 1209 dalizat
2586 1161 2642 1209 te
2667 1182 2681 1197 ·
2741 1169 2842 1208 eru

2348 1261 2382 1302 e
2411 1263 2546 1302 eum
2575 1255 2632 1303 et
2660 1246 2857 1320 proice

2349 1340 2456 1397 abs
2486 1348 2539 1396 te
2564 1369 2578 1384 ·
2639 1340 2863 1398 bonum

2348 1432 2447 1491 tibi
2478 1441 2565 1490 est
2598 1450 2781 1491 unum
2811 1450 2849 1490 o

2348 1526 2544 1585 culum
2574 1526 2827 1585 habente

2347 1619 2407 1677 in
2438 1621 2616 1678 uitam
2644 1620 2852 1679 intrare
2872 1651 2886 1666 ·

2348 1732 2529 1789 quam
2560 1713 2708 1771 duos
2741 1732 2856 1773 ocu

2348 1808 2436 1866 los
2470 1807 2780 1866 habentem

2348 1902 2495 1959 mitti
2524 1902 2582 1958 in
2612 1903 2883 1977 gehenna

2347 1995 2500 2070 ignis
2523 2026 2537 2040 ·
2583 1995 2626 2027 ¹⁰
2644 1993 2851 2054 Uidete

2348 2107 2423 2147 ne
2453 2090 2836 2147 contemnatis

2349 2201 2530 2240 unum
2562 2182 2634 2240 de
2663 2172 2815 2259 pusil

2349 2276 2418 2336 lis
2448 2276 2568 2335 istis
2587 2307 2601 2321 ·
2663 2276 2795 2335 dico
2823 2283 2921 2336 eni

2352 2407 2522 2467 uobis
2550 2405 2708 2482 quod
2736 2424 2888 2483 ange

2351 2502 2389 2559 li
2416 2519 2618 2560 eorum
2647 2502 2706 2559 in
2741 2500 2913 2559 caelis

2354 2614 2582 2670 semper
2609 2595 2808 2654 uident

2355 2688 2563 2747 faciem
2591 2689 2766 2765 patris
2788 2691 2902 2749 mei

2355 2782 2453 2858 qui
2488 2783 2546 2839 in
2576 2783 2750 2841 caelis
2779 2793 2865 2841 est
2889 2815 2904 2829 ·

2353 2875 2396 2908 ¹²
2415 2874 2592 2935 Uenit
2620 2877 2776 2934 enim
2811 2877 2958 2935 filius

2353 2969 2605 3029 hominis
2629 2963 2793 3028 ‘salua

2353 3082 2413 3121 re
2445 3063 2602 3139 quod
2633 3065 2881 3140 perierat
2902 3087 2984 3116 ψ

2357 3182 2438 3208 Φ
2507 3189 2590 3199 —·
2661 3183 2742 3209 Φ
2809 3189 2894 3200 —

2302 3248 2330 3281 ”¹
2355 3250 2400 3283 ¹²
2417 3249 2575 3321 Quid
2597 3251 2765 3309 uobis
2791 3252 3017 3310 uidetur

2301 3341 2330 3374 *
2355 3344 2401 3402 si
2428 3343 2632 3402 suerint
2661 3344 2819 3404 homi

2300 3440 2333 3470 ⁴*
2358 3438 2417 3495 ni
2446 3448 2683 3497 centum
2712 3458 2853 3498 oues
2878 3472 2892 3486 ·

2301 3529 2331 3563 *
2356 3544 2413 3590 et
2439 3534 2706 3591 errauerit
2732 3552 2850 3592 una

2302 3625 2331 3657 ²⁸
2356 3644 2428 3684 ex
2458 3627 2541 3685 eis
2562 3658 2575 3673 ·
2641 3625 2858 3687 Nonne

2351 3720 2684 3796 relinquens
2713 3740 2791 3781 no

2354 3815 2592 3890 naginta
2621 3833 2836 3874 nouem

2352 3908 2412 3966 in
2443 3909 2738 3969 montibus
2793 3928 2870 3969 ua

2354 4003 2500 4078 dens
2529 4005 2715 4080 querit
2752 4023 2814 4064 er

2354 4108 2578 4155 rantem
2599 4130 2613 4145 ·
2658 4098 2701 4130 ¹⁸
2719 4109 2775 4157 et
2805 4099 2850 4157 si
2881 4117 2994 4158 con

2355 4193 2541 4267 tigerit
2571 4204 2633 4252 ut
2661 4193 2919 4251 inueniat

2761 4304 2894 4344 eam

3182 328 3371 393 [XVII.
3400 335 3706 397 24-xv111.
3739 348 3818 400 19.

3111 491 3308 551 Amen
3336 492 3471 553 dico
3499 494 3670 554 uobis

3110 586 3267 663 quod
3295 587 3570 663 gaudebit
3596 590 3657 648 in

3109 698 3242 737 eam
3271 682 3461 757 magis
3489 700 3668 759 quam

3108 772 3167 830 in
3196 775 3518 851 nonaginta
3545 787 3602 835 et

3107 885 3322 926 nouem
3351 886 3501 944 quae
3537 888 3657 929 non

3103 973 3437 1021 errauerunt
3459 994 3473 1010 ·
3516 961 3561 995 ¹⁴
3580 963 3676 1024 Sic

3106 1073 3228 1113 non
3257 1064 3345 1114 est
3372 1057 3642 1117 uoluntas

3105 1158 3241 1208 ante
3269 1159 3495 1225 patrem
3522 1169 3627 1210 ues

3105 1253 3258 1300 trum
3288 1244 3387 1320 qui
3414 1244 3475 1301 in
3503 1245 3680 1303 caelis

3106 1347 3193 1394 est
3249 1347 3312 1395 ut
3342 1349 3540 1413 pereat
3565 1358 3605 1397 u

3107 1448 3216 1488 nus
3243 1449 3315 1489 ex
3340 1433 3561 1507 pusillis
3589 1435 3638 1492 is

3106 1524 3178 1583 tis
3203 1555 3216 1570 ·
3260 1523 3305 1557 ¹⁶
3323 1523 3385 1583 Si
3414 1536 3607 1585 autem
3642 1538 3746 1605 pec

3105 1619 3320 1678 cauerit
3347 1620 3405 1677 in
3436 1630 3491 1678 te
3519 1620 3606 1680 fra

3103 1726 3190 1770 ter
3218 1720 3350 1771 tuus
3409 1714 3563 1773 uade

3104 1816 3164 1865 et
3191 1807 3388 1882 coripe
3419 1826 3554 1867 eum
3574 1840 3589 1856 ·
3650 1811 3709 1868 in

3106 1910 3192 1958 ter
3219 1910 3276 1959 te
3304 1912 3360 1959 et
3389 1903 3581 1978 ipsum
3612 1921 3680 1963 so

3105 1993 3228 2053 lum
3250 2025 3264 2040 ·
3331 1994 3395 2054 Si
3425 2005 3480 2055 te
3510 1998 3679 2057 audie

3104 2088 3174 2146 rit
3203 2088 3455 2149 lucratus
3481 2110 3546 2150 es

3106 2181 3340 2241 fratrem
3369 2193 3531 2243 tuum
3551 2216 3566 2232 ·

3108 2275 3209 2334 ¹⁶Si
3219 2287 3412 2335 autern
3422 2296 3540 2339 non
3553 2279 3806 2339 audierit·

3108 2409 3319 2469 adhibe
3348 2421 3542 2472 tecum
3570 2414 3646 2474 ad

3109 2504 3221 2563 huc
3251 2523 3433 2564 unum
3461 2509 3555 2566 uel
3584 2508 3662 2566 du

3109 2616 3177 2657 os
3198 2630 3211 2644 ·
3272 2610 3334 2658 ut
3363 2600 3420 2658 in
3450 2618 3553 2660 ore
3583 2601 3746 2661 duu‘·

3108 2692 3201 2750 uel
3232 2694 3402 2752 trium
3431 2697 3660 2754 testium

3110 2796 3219 2845 stet
3247 2805 3425 2846 omne
3458 2792 3641 2849 uerbfl
3664 2822 3680 2838 ·

3108 2879 3152 2912 ¹⁷
3171 2879 3351 2951 Quod
3382 2883 3428 2939 si
3458 2900 3578 2942 non
3609 2885 3778 2945 audie

3107 2975 3179 3032 rit
3208 2992 3312 3033 eos
3370 2975 3463 3035 dic
3492 2978 3733 3037 ecclesie

3111 3067 3171 3127 Si
3201 3080 3397 3127 autem
3425 3072 3733 3131 ecclesiam

3109 3180 3231 3221 non
3259 3163 3498 3222 audierit
3518 3197 3533 3210 ·

3110 3256 3181 3313 sit
3211 3257 3311 3314 tibi
3342 3257 3489 3317 sicut
3517 3260 3634 3318 etni

3110 3368 3214 3408 cus
3243 3361 3300 3408 et
3329 3353 3672 3427 puplicanus
3695 3385 3710 3400 ·

3107 3443 3149 3476 ¹⁸
3167 3446 3362 3504 Amen
3392 3447 3521 3507 dico
3549 3449 3717 3508 uobis

3108 3557 3508 3616 quaecumque
3536 3542 3630 3601 aui

3109 3634 3380 3709 gaueritis
3408 3653 3584 3712 super

3108 3738 3317 3786 terram
3349 3740 3519 3788 erunt

3109 3821 3339 3896 alligata
3367 3823 3427 3879 in
3458 3823 3623 3882 caelo
3650 3855 3664 3870 ·

3109 3915 3186 3973 Et
3215 3933 3617 3993 quaecumque
3647 3917 3732 3978 sol

3109 4011 3307 4068 ueritis
3336 4029 3511 4086 super
3540 4022 3626 4070 ter

3108 4123 3236 4162 ram
3296 4115 3466 4162 erunt
3495 4106 3680 4165 soluta

3108 4199 3166 4257 in
3180 4198 3370 4258 caelo·
3403 4198 3816 4259 ¹⁹Iterumaut6

3840 504 3962 574 3¹01.
3985 505 4077 554 4⁷.
