4414 4917
318 507 465 558 rol.
490 510 571 559 16.

618 334 727 381 vu.
752 334 1018 381 21—v111.
1050 330 1154 398 ¹7]

619 501 751 579 Ipse
779 502 1018 562 intrabit
1044 503 1105 561 in

617 616 861 673 regnum
896 597 1131 657 caelorfi
1155 622 1170 636 ·

617 688 838 750 ”Multi
867 692 1064 751 dicent
1097 691 1242 750 mihi

616 786 677 845 in
703 788 799 846 illa
827 788 919 846 die
942 813 956 827 ·
1015 786 1130 846 dfie

616 880 730 939 dfie
763 900 964 940 nonne
991 881 1052 938 in
1083 899 1166 940 no

616 976 771 1034 mine
799 986 901 1036 tuo
928 975 1095 1053 profe

615 1071 865 1129 tauimus
894 1100 909 1114 ·
967 1069 1044 1128 Et
1068 1070 1129 1128 in
1159 1088 1239 1130 no

613 1165 769 1224 mine
803 1175 903 1224 tuo
931 1164 1143 1223 daemo

616 1260 713 1318 nia
739 1259 1016 1319 eicimuS.
1077 1258 1155 1319 Et

611 1355 673 1413 in
700 1365 802 1413 tuo
838 1355 1076 1414 nomine

611 1448 848 1507 uirtutes
876 1448 1088 1506 multas

611 1543 854 1602 fecimus
873 1569 886 1582 ·
954 1541 1084 1602 ”Et
1110 1551 1251 1602 tunc

610 1638 813 1697 iurabo
841 1637 949 1696 illis
977 1636 1115 1714 quia

611 1750 733 1792 non
762 1733 899 1790 noui
929 1750 1038 1790 uos
1058 1756 1071 1770 ·

613 1826 910 1885 Discedite
939 1845 975 1884 a
1002 1844 1098 1885 me
1132 1843 1250 1904 ope

612 1922 740 1979 rarii
767 1921 1079 1996 iniquitatis
1104 1947 1117 1960 ·

609 2012 874 2075 ²⁴Omnis
901 2032 1042 2090 ergo
1069 2014 1167 2091 qui
1196 2033 1272 2074 au

610 2108 691 2168 dit
712 2108 893 2168 uerba
919 2126 1054 2167 mea

610 2203 752 2262 haec
782 2212 842 2262 et
869 2202 1005 2261 facit
1033 2221 1104 2261 ea
1123 2230 1136 2243 ·
1199 2203 1248 2263 si

610 2298 825 2358 milabo
853 2316 989 2356 eum
1016 2298 1143 2356 uiro

610 2525 853 2601 sapienti
870 2555 885 2571 ·
928 2525 1028 2601 qui

609 2619 932 2679 aedificauit
961 2619 1185 2678 domu*
1206 2644 1223 2660 ·

609 2730 771 2772 suam
800 2731 978 2790 supra
1010 2731 1086 2790 pe

606 2818 749 2866 tram
768 2834 781 2846 ·
842 2806 1115 2867 ”descen

606 2901 685 2961 dit
711 2902 908 2979 pluuia
938 2901 1086 2960 flaue

606 3008 733 3057 runt
759 2998 953 3056 uenti·
993 2997 1145 3057 adue

606 3102 812 3151 nerunt
840 3092 1082 3151 flumina
1099 3117 1112 3130 ·

607 3203 661 3250 et
684 3193 1029 3269 inpegerunt
1057 3191 1117 3249 in

608 3287 845 3346 domum
872 3286 1030 3344 illam
1099 3296 1157 3344 et

607 3399 724 3441 non
754 3381 966 3440 cecidit
990 3407 1002 3420 ·
1064 3379 1196 3437 Fun

607 3476 736 3534 data
770 3475 930 3534 enim
958 3484 1079 3533 erat
1113 3491 1181 3532 su

604 3588 705 3646 pra
732 3579 901 3647 petra
924 3594 938 3608 ·
996 3566 1122 3626 ”Et
1150 3585 1251 3627 om

604 3665 688 3722 nis
714 3665 817 3740 qui
847 3662 1007 3722 audit
1033 3679 1137 3721 uer

603 3758 678 3817 ba
703 3777 836 3818 mea
865 3757 1043 3816 haec·
1105 3765 1162 3815 et

604 3871 721 3913 non
749 3852 890 3911 facit
917 3869 1017 3910 ea·
1078 3850 1209 3909 simi

602 3946 668 4005 lis
692 3956 782 4006 est
811 3947 941 4005 uiro
971 3945 1146 4005 stulto
1164 3978 1177 3991 ·

606 4040 716 4113 Qui
745 4040 1077 4100 aedificauit
1106 4040 1186 4099 do

603 4154 760 4195 mum
790 4152 961 4195 suam
990 4152 1059 4192 su

603 4249 700 4306 pra
732 4232 1017 4290 harenam
1041 4251 1058 4269 ·

603 4321 953 4384 ”descendit
981 4322 1177 4398 pluuia

1885 319 2022 380 MA
2040 307 2362 380 TTHEU‘
2372 349 2386 365 ·

1370 500 1685 561 Flauerunt
1712 501 1873 560 uenti

1373 596 1737 655 aduenerunt
1768 596 1850 654 flu

1374 692 1533 750 mina
1555 716 1569 730 ·
1631 701 1688 750 et
1722 690 1885 749 offen

1373 785 1582 845 derunt
1612 786 1673 843 in
1702 786 1885 845 domu

1371 878 1527 937 illam
1613 889 1671 938 et
1697 881 1904 940 cecidit
1922 908 1935 921 ·

1370 984 1426 1032 et
1459 973 1613 1033 facta
1641 984 1729 1034 est
1760 975 1925 1035 ruina

1369 1069 1491 1128 eius
1518 1087 1736 1145 magna
1760 1097 1772 1109 ·
1805 1061 1887 1124 „ek

1455 1189 1537 1216 st*
1657 1190 1744 1218 Ψ
1862 1191 1949 1219 §1‘5

1336 1253 1498 1316 *²⁸Et
1524 1257 1742 1316 factum
1770 1268 1859 1317 est

1337 1349 1505 1410 *cum
1540 1368 1790 1411 consum

1232 1492 1235 1496 Α
1338 1443 1583 1504 *masset
1610 1446 1700 1505 ihs
1719 1473 1732 1486 ·
1789 1466 1892 1507 uer

1338 1539 1446 1598 *ba
1474 1540 1619 1600 haec
1641 1567 1656 1581 ·
1717 1542 1940 1604 admira

1336 1634 1575 1694 *bantur
1602 1638 1803 1696 turbae

1371 1748 1546 1806 super
1580 1730 1885 1790 doctrina-

1370 1824 1493 1883 eius
1514 1852 1526 1865 ·
1587 1824 1760 1885 ²⁹erat
1788 1832 1918 1886 aute

1370 1917 1592 1979 docens
1620 1938 1724 1979 eos
1754 1921 1903 1980 sicut

1369 2022 1717 2089 potestatem
1750 2014 1829 2074 ha

1368 2108 1514 2166 bens
1595 2118 1654 2167 et
1681 2126 1803 2167 non
1832 2109 1979 2169 sicut

1368 2202 1589 2261 scribae
1618 2221 1822 2261 eorum
1850 2214 1909 2263 et

1366 2294 1593 2355 farisaei
1614 2322 1628 2335 ·
1708 2302 1767 2355 8.
1788 2296 1895 2357 ¹Et
1923 2297 2027 2358 des

1366 2390 1650 2450 cendente
1683 2410 1757 2451 eo
1790 2391 1863 2451 de

1367 2534 1567 2584 monte
1644 2537 1842 2586 secute

1366 2628 1501 2678 sunt
1528 2638 1663 2678 eum
1692 2621 1855 2679 turbe

1366 2713 1580 2774 multae
1604 2741 1619 2755 ·
1683 2715 1791 2774 2Et
1819 2734 1957 2775 ecce

1362 2806 1628 2884 leprosus
1657 2810 1834 2884 quida

1361 2903 1605 2961 ueniens
1643 2904 1827 2962 adora

1360 2997 1459 3054 bat
1486 3015 1622 3055 eum
1652 2998 1854 3058 dicens
1872 3024 1886 3038 ·

1359 3090 1494 3150 Dr'ie
1523 3091 1570 3149 si
1597 3092 1687 3150 uis
1716 3102 1885 3169 potes

1360 3203 1454 3243 me
1484 3185 1766 3243 mundare
1789 3213 1801 3225 ·

1356 3278 1446 3337 ³et
1475 3280 1798 3338 extendens
1827 3299 1925 3340 ma

1357 3392 1500 3431 num
1528 3374 1711 3450 tetigit
1743 3383 1818 3432 eu

1356 3468 1446 3527 ihs
1474 3468 1676 3528 dicens
1752 3487 1832 3528 uo

1354 3562 1414 3622 lo
1442 3563 1756 3623 mundare·

1356 3657 1434 3716 Et
1461 3657 1772 3717 confestim
1800 3675 1945 3716 mun

1357 3751 1493 3811 data
1521 3762 1610 3811 est
1637 3752 1797 3828 lepra
1823 3753 1947 3812 eius
1972 3780 1984 3793 ·

1356 3846 1462 3906 ⁴Et
1484 3847 1561 3905 ait
1577 3845 1658 3903 illi
1685 3846 1773 3905 ihs
1797 3871 1811 3885 ·
1855 3846 1988 3906 uide
2012 3871 2023 3884 ·

1354 3941 1577 4000 nemini
1606 3942 1815 4000 dixeris
1839 3968 1852 3981 ·

1353 4036 1457 4096 sed
1478 4036 1702 4094 uadens
1725 4048 1894 4096 osten

1353 4131 1427 4190 de
1456 4142 1510 4190 te
1541 4131 1861 4190 sacerdoti·

1351 4225 1429 4285 Et
1461 4225 1610 4284 offer
1644 4243 1857 4286 munus
1876 4251 1889 4265 ·

1352 4320 1511 4399 quod
1539 4321 1797 4399 precepit

2189 516 2428 576 moyses
2454 500 2515 559 in
2550 500 2680 560 testi

2185 593 2452 651 monium
2478 594 2588 653 illis
2612 626 2624 639 ·
2649 625 2662 640 ·

2183 686 2357 746 “Post
2384 688 2491 747 hec
2521 698 2717 747 autem
2745 696 2820 747 cst

2180 780 2472 841 introisset
2499 801 2571 842 ca

2178 891 2463 949 pernaum
2493 902 2507 916 ·
2569 894 2640 935 ac

2178 968 2324 1027 cesit
2351 969 2427 1027 ad
2456 988 2592 1028 eum
2626 970 2729 1047 qui

2179 1062 2316 1120 dam
2344 1065 2604 1122 centurio
2625 1090 2638 1105 ·

2174 1173 2393 1232 rogans
2418 1176 2554 1216 eum
2581 1169 2641 1218 et

2177 1249 2418 1308 dicens·
2478 1252 2622 1311 ⁶d1'1e
2645 1279 2659 1295 ·
2720 1272 2803 1331 pu

2176 1363 2239 1403 er
2269 1362 2433 1404 meus
2463 1346 2613 1406 iacet

2175 1437 2238 1494 in
2269 1437 2450 1497 domo
2479 1440 2680 1518 paraly

2177 1531 2327 1590 ticus
2400 1543 2459 1592 et
2487 1534 2637 1594 male

2177 1634 2475 1700 torquetur
2497 1653 2510 1668 ·
2575 1628 2688 1687 ‘'ait

2176 1717 2256 1776 illi
2285 1719 2373 1778 ihs
2394 1751 2407 1765 ·
2468 1739 2583 1797 ego
2609 1723 2746 1781 ueni

2177 1830 2274 1871 am
2304 1822 2362 1873 et
2391 1816 2609 1874 curabo
2637 1828 2753 1875 eu'
2777 1842 2791 1858 ·

2174 1905 2282 1965 ⁸Et
2310 1908 2674 1984 respondens
2701 1927 2813 1970 cen

2175 2001 2325 2060 turio
2352 2001 2431 2059 ait
2455 2028 2468 2041 ·
2521 2002 2672 2061 dfie·

2173 2111 2298 2152 non
2327 2111 2458 2152 sum
2487 2094 2698 2172 dignus

2173 2200 2236 2247 ut
2263 2188 2440 2247 intres
2469 2191 2578 2248 sub
2606 2200 2695 2249 tec

2171 2292 2296 2343 tum
2326 2301 2524 2342 meum
2546 2311 2559 2324 ·
2622 2283 2740 2344 Sed

2170 2521 2397 2571 tantum
2425 2512 2518 2571 dic
2548 2532 2649 2571 uer

2171 2604 2252 2665 bo
2336 2616 2393 2665 et
2422 2607 2716 2666 sanabitur

2173 2717 2318 2776 puer
2345 2685 2510 2758 meus
2535 2726 2547 2740 ·
2577 2733 2662 2743 —

2172 2792 2261 2850 ”N
2266 2812 2362 2851 am
2390 2806 2449 2853 et
2476 2812 2588 2871 ego
2615 2794 2797 2856 homo

2174 2905 2304 2945 sum
2327 2913 2339 2926 ·
2405 2888 2512 2946 sub
2546 2900 2714 2965 potes

2172 2991 2288 3041 tate
2318 2982 2568 3041 constitu

2173 3086 2264 3134 tus
2348 3075 2572 3135 habens
2600 3078 2709 3134 sub

2170 3187 2267 3228 me
2296 3169 2543 3228 milites·
2606 3181 2664 3230 et
2693 3170 2753 3229 di

2167 3282 2242 3322 co
2264 3263 2395 3322 huic
2425 3263 2576 3324 uade
2607 3275 2664 3323 et

2166 3359 2326 3416 uadit
2386 3369 2443 3418 et
2471 3358 2566 3417 alii
2593 3377 2670 3417 ue

2165 3452 2228 3510 ni
2276 3462 2334 3512 et
2362 3453 2556 3511 uenit·
2622 3463 2680 3512 et
2710 3470 2803 3512 ser

2162 3565 2242 3606 uo
2270 3565 2405 3606 meo
2434 3547 2526 3607 fac
2554 3546 2671 3606 hoc

2162 3652 2221 3700 et
2249 3641 2384 3701 facit
2403 3672 2417 3688 ·
2443 3674 2456 3689 ·
2518 3639 2725 3699 ¹⁰Audi

2161 3754 2268 3794 ens
2296 3746 2491 3795 autem
2522 3735 2612 3793 ihs
2639 3735 2720 3791 mi

2159 3840 2320 3888 ratus
2353 3840 2472 3888 est·
2538 3837 2596 3886 et
2625 3846 2689 3886 se

2159 3925 2469 4000 quentibus
2498 3941 2559 3981 se
2588 3922 2731 3980 dixit
2751 3947 2764 3962 ·

2160 4019 2353 4076 Amen
2380 4016 2514 4075 dico
2540 4015 2710 4075 uobis

2157 4114 2220 4171 in
2250 4111 2472 4169 nullum
2501 4115 2663 4168 tantii

2160 4208 2338 4266 fidem
2366 4205 2562 4264 inueni
2590 4204 2649 4263 in

2944 500 3086 571 qum
3116 494 3280 554 multi
3308 495 3383 553 ab
3412 512 3450 554 o

2940 589 3122 649 riente
3151 600 3208 648 et
3236 588 3366 648 occi

2939 683 3111 742 dente
3139 685 3375 743 uenient

2938 787 2997 835 et
3023 779 3397 837 recumbent·

2938 888 3076 929 cum
3104 871 3382 929 abraham
3408 881 3468 931 et

2936 964 3092 1023 isaac
3170 975 3228 1024 et
3255 966 3424 1025 iacob
3450 966 3515 1024 in

2937 1076 3121 1134 regno
3149 1058 3446 1118 caelorum
3468 1086 3482 1102 ·

2936 1149 3036 1210 ¹²F
3037 1153 3113 1210 ilii
3140 1164 3334 1212 autem
3362 1154 3528 1230 regni

2931 1240 3096 1306 ibunt
3123 1249 3184 1306 in
3212 1250 3482 1307 tenebras

2934 1342 3244 1401 exteriores
3266 1372 3279 1387 ·
3339 1343 3419 1400 ibi

2934 1435 3040 1495 erit
3068 1435 3237 1495 fletus
3264 1447 3321 1495 et
3352 1437 3452 1496 stri

2935 1527 3042 1587 dor
3070 1529 3330 1588 dentium
3353 1558 3366 1572 ·
3392 1557 3406 1571 ·

2935 1621 3062 1682 ¹³Et
3096 1623 3242 1682 dixit
3274 1624 3363 1682 ihs
3391 1635 3568 1685 centu

2931 1716 3081 1775 rioni
3160 1716 3330 1777 Uade
3412 1719 3460 1777 si

2932 1821 3030 1869 cut
3058 1812 3343 1870 credidisti
3373 1812 3476 1872 fiat

2932 1903 3036 1962 tibi
3067 1930 3080 1944 ·
3146 1915 3204 1964 et
3233 1916 3438 1965 sanatu
3465 1916 3556 1966 est

2931 2016 3076 2074 puer
3110 2017 3183 2057 ex
3216 1999 3311 2057 illa
3338 1998 3522 2059 hora·

2929 2092 3239 2154 †¹⁴Etcum
3249 2095 3629 2156 uenissetihs·

2926 2187 2988 2244 in
3018 2186 3264 2245 domum
3291 2188 3437 2264 petri

2930 2280 3076 2340 uidit
3105 2298 3340 2341 socrum
3365 2282 3492 2343 eius

2931 2508 3220 2568 iacentem
3247 2522 3305 2569 et
3335 2510 3390 2568 fe

2929 2603 3290 2663 bricitantem
3333 2603 3443 2664 1“et

2929 2697 3112 2774 tetigit
3139 2716 3381 2756 manum
3408 2701 3533 2759 eius

2931 2799 2988 2849 et
3016 2791 3231 2851 remisit
3258 2810 3392 2851 eam
3418 2792 3476 2853 fe

2928 2885 3046 2942 bris
3114 2894 3172 2944 et
3200 2887 3446 2947 surrexit

2927 2988 2984 3037 et
3012 2979 3373 3040 ministrabat
3400 2984 3453 3041 ei
3475 3009 3488 3023 ·

2926 3070 3239 3150 ¹⁶Uespere
3270 3085 3464 3136 autem
3493 3076 3588 3140 fac

2926 3177 2987 3225 to
3013 3199 3026 3212 ·
3092 3171 3422 3244 optulerunt

2922 3261 3001 3318 illi
3030 3261 3408 3326 demoniacos

2924 3355 3138 3414 multos
3215 3357 3291 3416 Et
3318 3360 3461 3418 eicie

2925 3451 3025 3508 bat
3054 3455 3153 3525 sps
3181 3451 3499 3514 inmundos

2924 3544 2985 3601 in
3008 3545 3162 3605 uebo
3235 3543 3312 3604 Et
3339 3565 3549 3610 omnes

2924 3638 3078 3696 male
3106 3638 3388 3698 habentes

2924 3733 3144 3790 curauit
3165 3759 3178 3773 ·
3243 3731 3380 3792 ¹⁷Ut
3407 3736 3486 3795 ad

2919 3825 3252 3901 impleretur
3286 3829 3447 3905 quod

2919 3919 3138 3978 dictum
3168 3931 3256 3979 est
3279 3949 3292 3962 ·
3336 3940 3441 3998 per

2916 4013 3134 4073 esaiam
3163 4014 3437 4092 profeta-

2918 4108 3209 4168 dicentem
3228 4135 3241 4149 ·
3302 4111 3445 4187 quia

2918 4203 3042 4281 ipse
3071 4203 3432 4265 infirmitates

2158 4302 2230 4360 isi
2253 4328 2266 4343 ·
2329 4299 2535 4361 ¹¹Dico
2565 4309 2761 4359 autem
2789 4317 2870 4361 uo
2920 4309 3150 4359 nostras
3180 4299 3403 4376 accepit

2695 4393 2787 4451 bis

3111 4507 3144 4547 C

3675 512 3798 565 rol.
3820 510 3918 564 1⁷:
