4414 4917
750 325 869 409 136

426 517 550 567 ποι.
569 516 699 568 200.
740 498 922 558 helias
950 497 1181 577 depone

741 612 806 653 re
835 593 993 653 illum
1018 626 1071 640 ··
1117 593 1268 653 ⁸⁷ihs
1297 611 1373 652 au

742 697 863 747 tem
891 688 1105 747 emissa
1126 706 1275 747 uoce

741 800 959 859 magna
988 781 1217 842 tradidit

741 881 875 953 spm
898 908 911 922 ·
954 876 997 909 ⁸⁸
1014 877 1091 936 Et
1120 877 1316 936 uelum

740 970 940 1047 templi
970 972 1206 1030 scissu-

739 1074 828 1123 est
856 1065 916 1122 in
945 1064 1167 1124 duabus

739 1159 997 1235 partibus
1065 1178 1100 1218 a
1129 1177 1259 1218 sum

740 1269 841 1310 mo
871 1270 1059 1329 usque
1093 1252 1235 1312 deor

741 1364 873 1405 sum
898 1378 910 1392 ·
956 1346 999 1378 ⁸⁹
1022 1345 1249 1406 Uidens

742 1449 936 1498 autem
965 1441 1228 1501 centurio

742 1534 844 1610 qui
873 1534 1138 1593 adstabat
1167 1536 1244 1594 ibi

746 1629 883 1705 quia
911 1629 995 1688 sic
1024 1628 1283 1688 clamans

741 1722 930 1781 emisit
960 1728 1090 1798 spm
1115 1754 1128 1769 ·
1190 1724 1288 1783 dix

739 1816 781 1874 it
840 1835 977 1875 uere
1006 1817 1100 1876 hic
1131 1816 1314 1877 homo

737 1909 797 1967 di
824 1910 973 1970 filius
1003 1921 1124 1971 erat
1144 1943 1157 1957 ·

737 2005 783 2038 ⁴⁰
799 2003 981 2065 Erant
1010 2015 1204 2064 autem
1235 2014 1293 2064 et

736 2098 1003 2158 mulieres
1032 2099 1103 2157 de
1131 2099 1231 2159 lon

736 2211 810 2268 ge
839 2193 1101 2251 uidentes

734 2514 881 2572 inter
936 2531 1081 2591 quas
1110 2523 1234 2573 erat

733 2608 920 2666 maria
947 2609 1329 2685 magdalenae

734 2710 793 2760 et
821 2702 1004 2760 maria
1031 2703 1220 2761 iacobi

733 2795 973 2855 minoris
1031 2806 1087 2854 et
1117 2796 1320 2873 ioseph

733 2898 919 2947 mater
980 2899 1036 2948 et
1065 2889 1287 2949 salome
1312 2916 1325 2929 ·

734 2982 776 3016 ⁴¹
794 2999 948 3059 quae
978 3000 1112 3040 cum
1142 2993 1337 3042 essent

735 3076 794 3133 in
822 3075 1093 3151 galileam
1156 3095 1220 3135 se

734 3170 1059 3248 quebantur
1084 3188 1222 3229 eum

733 3274 793 3324 et
821 3264 1145 3323 ministrant
1174 3265 1227 3323 ei

732 3358 809 3417 Et
837 3358 946 3417 alie
973 3358 1187 3418 multae
1217 3378 1366 3438 quae

729 3451 900 3511 simul
922 3452 1173 3511 ascende

730 3557 859 3606 rant
895 3545 1189 3624 hierosoly

800 3667 884 3694 ω
924 3659 1025 3700 ma
1065 3667 1148 3690 Φ

672 3735 702 3769 *
731 3733 778 3768 ⁴²
791 3733 869 3793 Et
897 3752 1034 3793 cum
1063 3735 1180 3795 iam
1209 3754 1339 3795 sero

668 3832 703 3870 *
732 3838 887 3888 esset
914 3828 1133 3888 sactum

668 3927 703 3965 *
733 3923 833 4000 qui
863 3932 986 3981 erat
1014 3933 1150 4000 post

669 4021 704 4059 *
732 4035 1046 4093 parasceue
1071 4051 1084 4064 ·
1146 4018 1307 4095 quod

730 4121 819 4170 est
852 4120 984 4170 ante
1014 4114 1258 4173 sabbatfi

2153 327 2358 391 SEC-

1494 498 1658 559 diues
1687 498 1923 560 decurio
1954 502 2054 579 qui

1493 603 1617 652 erat
1640 626 1653 640 ·
1719 603 1777 654 et
1805 595 1933 671 ipse
1962 614 2153 672 expec

1491 696 1623 746 tans
1651 706 1897 764 regnum
1929 689 1988 748 di

1491 780 1568 840 Et
1596 793 1927 842 constanter
1954 784 2106 844 intro

1490 876 1553 935 iit
1581 874 1657 935 ad
1684 876 1925 954 pilatum
1983 888 2042 937 et

1491 970 1634 1045 petit
1661 988 1873 1046 corpus
1902 970 2000 1029 ihu

1491 1059 1537 1095 ⁴⁴
1557 1096 1569 1108 ·
1591 1063 1801 1138 pilatus
1829 1073 2024 1123 autem

1490 1156 1806 1215 mirabatur
1834 1159 1881 1217 si
1909 1158 2026 1216 iam

1492 1261 1759 1310 mortuus
1788 1260 1943 1310 esset

1490 1345 1567 1404 Et
1594 1346 1839 1406 acersito
1868 1347 2090 1404 centuri

1491 1457 1667 1497 onem
1696 1440 1988 1516 interroga

1493 1534 1573 1591 uit
1602 1543 1733 1591 e¹¹m
1764 1534 1811 1592 si
1840 1533 1956 1591 iam
1987 1551 2116 1593 mor

1490 1636 1623 1686 tuus
1646 1637 1798 1687 esset
1816 1660 1829 1673 ·
1876 1628 1921 1660 *ὅ
1939 1638 1997 1686 et
2025 1646 2161 1688 cum

1490 1722 1860 1798 cognouisset
1917 1740 1952 1780 a
1981 1740 2092 1780 cen

1490 1816 1719 1873 turione
1779 1815 2019 1874 donauit

1489 1926 1704 1984 corpus
1732 1908 1856 1967 eius
1884 1909 2082 1986 ioseph
2105 1943 2116 1956 ·

1487 2003 1531 2035 ⁴⁶
1549 2002 1767 2079 Ioseph
1796 2012 1989 2063 autem
2024 2023 2150 2063 mer

1488 2106 1653 2154 catus
1682 2097 1930 2156 sindone
1956 2131 1967 2143 ·
1992 2099 2052 2156 in

1488 2190 1673 2248 uoluit
1697 2223 1710 2236 ·
1737 2199 1795 2249 et
1823 2193 2016 2267 posuit
2044 2198 2120 2251 eu

1486 2511 1558 2570 In
1589 2524 1977 2571 monumento
2008 2512 2160 2590 quod

1482 2617 1602 2665 erat
1632 2607 1923 2666 excissum
1955 2607 2012 2664 in

1483 2711 1686 2776 petra·
1733 2710 1791 2759 et
1819 2700 2078 2760 aduoluit

1481 2794 1734 2871 lapidem
1763 2794 1837 2853 ad
1866 2795 2069 2853 ostiu-

1481 2889 1849 2948 monumenti
1872 2920 1885 2934 ·
1931 2889 1975 2921 ⁴⁷
1998 2888 2102 2947 Ma

1482 2982 1563 3039 ria
1598 2992 1796 3040 autem
1823 2982 2094 3058 magdale

1483 3094 1629 3134 nae·
1696 3087 1753 3134 et
1775 3077 1956 3134 maria
1979 3076 2168 3136 iacobi

1484 3179 1831 3228 notauerunt
1865 3171 1998 3230 locu

1484 3264 1585 3322 ubi
1614 3266 1974 3340 ponebatur·
2001 3297 2083 3306 —

1484 3357 1562 3415 Et
1590 3359 1868 3416 abeuntes
1897 3376 2028 3417 eme

1483 3462 1616 3511 runt
1644 3462 1907 3511 aromata
1927 3461 1989 3509 ut

1484 3565 1620 3605 eum
1647 3557 1975 3623 unguerent
1995 3579 2008 3592 ·

1482 3646 1578 3699 16.
1597 3640 1981 3699 ¹ettransacto
1992 3641 2235 3700 sabbato

1483 3736 1665 3794 maria
1693 3736 2076 3811 magdalenae
2103 3769 2116 3782 ·

1483 3840 1541 3889 et
1570 3831 1750 3889 maria
1778 3830 2002 3889 iacobi·
2068 3842 2126 3890 et

1484 3923 1706 3983 salome
1734 3934 1998 3983 emerunt

1481 4027 1743 4076 aromata
1771 4027 1832 4075 ut
1861 4019 2071 4077 uenien

1480 4121 1569 4170 tes
1597 4121 1922 4188 unguerent
1949 4119 2021 4171 eu
2046 4145 2058 4158 ·

726 4204 949 4266 ⁴³Uenit
969 4206 1173 4284 ioseph
1190 4207 1458 4268 abarima
1484 4203 1505 4236 ²
1520 4205 1598 4264 Et
1626 4216 1911 4266 uenerunt
1937 4205 2108 4265 ualde

1281 4300 1401 4360 thia
1479 4301 1669 4377 prima
1696 4301 1918 4360 sabbati
1975 4299 2051 4358 ad

2300 512 2748 561 monumentum
2774 534 2786 549 ·

2299 594 2375 654 Et
2404 596 2528 655 sole
2557 597 2781 655 oriente
2842 596 2864 630 ⁸
2883 596 2943 656 di

2297 690 2510 748 cebant
2537 689 2850 749 adinuice‘·

2297 783 2428 858 quis
2456 784 2626 842 nobis
2655 785 2819 843 reuol

2296 877 2379 934 uit
2406 875 2662 953 lapidem
2692 879 2767 935 ab
2795 896 2866 937 os

2296 978 2392 1028 teo
2422 972 2787 1029 monumenti
2806 1003 2820 1018 ·

2295 1063 2316 1094 ⁴
2336 1061 2414 1121 Et
2443 1063 2791 1139 aspicientes
2819 1065 2953 1125 uide

2294 1166 2425 1216 runt
2453 1157 2714 1216 reuolutt‘x

2294 1250 2545 1325 lapidem
2569 1283 2582 1296 ·
2648 1252 2789 1311 Erat
2817 1259 2913 1311 eni

2294 1362 2544 1420 magnus
2574 1346 2743 1405 nimis
2766 1379 2778 1393 ·

2292 1437 2407 1497 ¹’Et
2435 1439 2797 1499 introeuntes
2845 1441 2905 1500 in

2292 1544 2679 1592 monumento
2736 1535 2794 1591 ui

2293 1625 2499 1686 derunt
2528 1628 2801 1687 iuuenem

2293 1719 2367 1777 ad
2398 1719 2601 1780 dextra
2659 1723 2868 1782 indutu

2293 1814 2504 1873 stolam
2536 1815 2843 1876 candidam
2869 1850 2881 1864 ·

2294 1917 2353 1965 et
2379 1920 2739 1984 expauerunt
2764 1944 2776 1956 ·
2822 1912 2843 1943 ⁸
2863 1911 2909 1969 Il

2293 1999 2347 2058 le
2379 2013 2572 2060 autem
2603 2004 2742 2062 dixit
2762 2004 2834 2063 ad

2295 2094 2420 2153 illas
2444 2126 2456 2141 ·
2517 2096 2694 2156 nolite
2723 2116 2878 2174 expa

2294 2206 2531 2248 uescere
2552 2222 2564 2236 ·
2612 2190 2731 2249 ihm
2760 2210 2873 2269 que

2293 2283 2412 2341 ritis
2441 2292 2736 2344 nazorenu
2757 2319 2769 2333 ·

2293 2378 2634 2437 crucifixum
2664 2398 2762 2438 sur

2290 2511 2437 2569 rexit
2498 2529 2623 2570 non
2653 2523 2738 2571 est
2767 2512 2860 2573 hic
2880 2547 2893 2561 ·

2290 2605 2484 2664 uidete
2512 2624 2649 2665 ecce
2679 2606 2844 2667 locus

2289 2699 2412 2756 eius
2476 2700 2574 2758 ubi
2605 2701 2828 2776 positus

2288 2801 2410 2850 erat
2430 2824 2442 2838 ·
2504 2793 2526 2824 ⁷
2549 2793 2663 2851 Sed
2693 2795 2770 2853 ite
2800 2794 2973 2856 dicite

2288 2886 2580 2963 discipulis
2608 2888 2732 2947 eius
2760 2889 2836 2948 Et

2288 2990 2452 3055 petro
2482 2981 2618 3058 quia
2646 3000 2858 3058 praece

2288 3075 2386 3132 det
2415 3092 2524 3134 uos
2553 3076 2612 3132 in
2642 3076 2910 3151 galileam

2288 3169 2367 3226 ibi
2394 3187 2527 3227 eum
2557 3169 2826 3230 uidebitis

2288 3263 2436 3322 sicut
2464 3264 2582 3321 dixi
2614 3266 2784 3323 uobis
2808 3298 2821 3311 ·

2286 3357 2307 3389 ⁸
2325 3355 2402 3415 Et
2429 3369 2711 3416 exeuntes
2739 3359 2830 3418 ille
2854 3360 2928 3419 de

2288 3462 2672 3510 monumento
2702 3450 2839 3529 suge

2288 3555 2419 3604 runt
2439 3577 2452 3591 ·
2514 3546 2804 3605 inuaserat

2287 3639 2445 3697 enim
2474 3639 2595 3697 illas
2624 3640 2800 3699 timor

2287 3743 2345 3791 et
2372 3751 2558 3809 pauor
2618 3733 2697 3792 Et
2726 3736 2944 3794 nemini

2287 3828 2605 3905 quidquam
2635 3829 2931 3890 audebant

2287 3922 2477 3981 dicere
2505 3928 2650 3998 qum
2679 3923 2820 3982 time

2288 4017 2429 4076 bant
2449 4048 2463 4062 ·
2507 4025 2540 4080 †
2562 4017 2583 4048 ⁹
2605 4016 2862 4093 Surgens
2891 4039 2965 4080 au

3228 341 3368 406 [XV.
3394 346 3644 408 36—xvt.
3673 361 3752 410 15.

3056 502 3318 563 Primum
3347 507 3562 567 mariae

3051 599 3434 675 magdalenae
3495 601 3567 661 de
3595 620 3715 680 qua

3048 692 3260 751 eicerat
3290 704 3515 771 septem

3050 784 3360 846 daemonia
3382 820 3395 834 ·
3440 787 3486 819 ¹⁰
3504 798 3563 848 at
3590 790 3686 848 illa

3047 880 3369 954 precedens
3398 884 3666 943 nuntiauit

3045 972 3155 1031 illis
3217 975 3320 1050 qui
3348 993 3483 1034 cum
3511 977 3642 1053 ipso

3045 1065 3276 1125 fuerant
3304 1068 3547 1145 lugetibx

3044 1170 3100 1218 et
3129 1160 3402 1221 flentibus
3426 1196 3439 1209 ·
3487 1163 3527 1197 ¹¹
3545 1173 3603 1223 at
3632 1164 3671 1223 il

3045 1253 3085 1312 li
3114 1263 3178 1312 ut
3207 1255 3515 1317 audierunt

3045 1348 3240 1406 uiuere
3271 1368 3408 1408 eum
3430 1382 3443 1397 ·
3504 1362 3561 1411 et
3592 1352 3650 1410 ui

3047 1460 3175 1501 sum
3206 1461 3334 1502 esse
3364 1445 3439 1503 ab
3467 1463 3536 1503 ea
3556 1479 3569 1492 ·
3634 1457 3749 1505 non

3046 1536 3411 1595 crediderunt
3434 1570 3446 1584 ·
3467 1572 3549 1581 -—

3047 1627 3091 1661 ¹²
3113 1630 3250 1689 Post
3279 1630 3386 1690 hec
3411 1642 3606 1691 autem
3627 1634 3748 1694 duo

3048 1724 3157 1781 bus
3185 1743 3256 1782 ex
3290 1725 3398 1785 illis
3426 1729 3603 1785 ambu

3046 1816 3300 1877 lantibus
3319 1852 3332 1865 ·
3398 1820 3576 1896 Appa

3046 1912 3158 1970 ruit
3186 1912 3245 1969 in
3274 1912 3387 1971 alia
3414 1914 3638 1991 effigiae

3047 2006 3321 2065 euntibus
3348 2007 3432 2066 eis
3461 2008 3520 2066 in
3551 2009 3689 2067 uilla

3048 2099 3088 2131 ¹³
3105 2111 3162 2158 et
3191 2100 3267 2158 illi
3296 2111 3500 2161 euntes
3530 2104 3698 2163 nunti

3048 2204 3294 2253 auerunt
3323 2196 3526 2254 ceteris
3549 2228 3563 2242 ·

3048 2512 3164 2573 Sed
3194 2534 3301 2574 nec
3331 2515 3440 2575 illis
3469 2518 3624 2577 credi

3047 2607 3289 2667 derunt·
3335 2608 3379 2643 ¹⁴
3402 2612 3623 2670 nouissi

3045 2720 3139 2760 me
3171 2713 3365 2762 autem
3390 2737 3403 2750 ·
3467 2705 3703 2785 Conqui

3045 2797 3303 2855 rentibus
3331 2799 3439 2858 illis
3468 2817 3549 2858 un

3045 2889 3234 2949 decim
3266 2894 3536 2968 apparuit

3043 2982 3120 3044 Et
3148 2988 3494 3062 exprobauit
3521 2987 3582 3045 in

3043 3079 3444 3139 credulitatem
3475 3080 3514 3139 il

3042 3172 3234 3232 lorum
3258 3205 3271 3220 ·
3333 3184 3392 3234 et
3422 3176 3632 3235 duritia

3044 3268 3235 3326 cordis
3263 3269 3494 3327 illorum
3519 3302 3532 3316 ·

3043 3360 3288 3437 Propter
3315 3363 3479 3438 quod
3507 3363 3567 3421 ui

3042 3453 3245 3514 derant
3272 3474 3408 3515 eum
3439 3476 3499 3516 re

3044 3549 3358 3609 surrexisse
3379 3583 3392 3597 ·
3457 3561 3514 3610 et
3543 3563 3658 3611 nun

3042 3642 3314 3703 tiantibus
3343 3664 3463 3705 non
3493 3664 3587 3705 cre

3042 3737 3314 3798 diderunt
3337 3772 3350 3785 ·
3374 3771 3387 3786 ·
3434 3740 3478 3773 ¹⁸
3496 3740 3573 3799 Et
3601 3738 3744 3800 dixit

3042 3831 3150 3890 illis
3173 3863 3186 3878 ·
3253 3832 3339 3891 Ite
3370 3833 3430 3892 in
3461 3834 3660 3894 uniuer

3042 3944 3174 3984 sum
3204 3929 3408 3986 orbem
3471 3929 3550 3989 Et

3042 4021 3334 4096 predicate
3362 4041 3516 4082 euan

2286 4121 2406 4170 tem
2427 4129 2600 4170 mane
2623 4112 2811 4187 prima
2839 4128 2872 4161 v
2893 4113 3027 4169 firias
3044 4116 3263 4191 gelium
3291 4117 3494 4176 uniuer

2287 4206 2510 4265 sabbati
2538 4208 2802 4283 apparuit

3041 4227 3103 4268 se
3132 4218 3427 4271 creaturae

3781 526 3906 574 1⁸01.
3932 528 4060 575 201.
