4414 4917
581 350 765 399 xvm.
790 345 1138 416 19—x1x.9.]

332 516 545 569 1¹01.st
584 510 771 570 Amen
801 509 940 569 dico
968 508 1137 568 uobis

582 606 711 682 quia
740 605 787 663 si
820 603 942 663 duo
971 607 1164 662 uestrfi

579 699 954 759 conuenerint
983 716 1053 757 su

576 811 675 870 per
702 803 915 852 terram
984 791 1057 852 de

579 887 737 946 omni
769 905 835 946 re
861 904 1115 964 quecum

580 998 689 1058 que
716 981 968 1058 pitierint
986 1011 1001 1027 ·
1046 981 1086 1039 fi

580 1085 635 1134 et
659 1074 768 1134 illis
795 1093 831 1134 a
860 1085 1023 1153 patre
1052 1092 1189 1135 meo

580 1169 676 1245 qui
703 1170 764 1226 in
793 1168 969 1227 caelis
998 1177 1118 1227 est·

577 1258 621 1294 ’⁰
636 1261 757 1321 Ubi
782 1262 940 1322 enim
969 1272 1104 1322 sunt
1129 1261 1250 1322 duo

577 1355 667 1415 uel
694 1367 809 1415 tres
836 1374 1058 1432 congre

577 1450 691 1526 gati
718 1450 778 1508 in
805 1451 1043 1509 nomine

578 1561 709 1603 meo
793 1544 872 1602 ibi
903 1561 1035 1602 sum
1061 1544 1125 1603 in

578 1637 770 1698 medio
797 1657 1001 1698 eorum
1021 1670 1036 1685 ·

576 1729 617 1763 ¹¹
636 1733 809 1792 Tunc
836 1732 1127 1792 accedens

578 1825 650 1885 ad
676 1843 813 1885 eum
840 1837 1040 1903 petrus

579 1920 716 1979 dixit
734 1950 751 1966 ·
793 1919 908 1978 dne
937 1936 1059 1996 quo

575 2013 721 2073 tiens
754 2013 1021 2091 peccauit
1052 2013 1113 2071 in

575 2124 667 2166 me
694 2107 865 2167 frater
892 2125 1058 2166 meus

575 2210 629 2261 et
653 2203 941 2261 remittam
970 2201 1058 2260 ei·

573 2312 754 2374 usque
781 2296 1035 2373 septiens
1056 2327 1070 2343 ·

571 2423 840 2490 ”Dicitei
856 2428 974 2488 ihs·
996 2446 1118 2489 non
1136 2428 1271 2490 dico

574 2523 672 2582 tibi
698 2541 923 2600 usquae
957 2523 1106 2600 septi

573 2634 675 2676 ens
692 2648 708 2663 ·
755 2616 872 2675 Sed
900 2634 1122 2693 usquae

574 2711 901 2787 septuagies
929 2711 1079 2788 septi

574 2807 610 2872 †
625 2822 690 2864 es
713 2836 729 2852 ·
791 2802 835 2838 ²³
852 2804 998 2864 Ideo
1025 2804 1227 2863 similis

573 2907 657 2958 est
682 2898 914 2958 habitus
942 2917 1048 2975 reg

574 2992 631 3050 ni
658 2993 956 3053 caelorum
982 2993 1062 3052 ho

478 3147 495 3160 x
573 3086 714 3144 mini
740 3087 865 3163 regi
883 3117 899 3132 ·
941 3087 1040 3163 qui
1066 3103 1148 3145 uo

571 3178 671 3240 luit
695 3181 982 3239 rationem
1009 3199 1092 3257 po

571 3291 705 3333 nere
734 3292 868 3333 cum
898 3274 1078 3333 seruis

571 3368 685 3428 suis
708 3398 723 3414 ·
788 3365 832 3400 ¹⁴
848 3376 907 3432 et
935 3387 1071 3427 cum
1099 3386 1207 3429 coe

570 3462 747 3539 pisset
773 3460 1057 3522 rationem

570 3572 785 3632 ponere
874 3555 1107 3615 oblatus

570 3659 655 3709 est
680 3649 736 3707 ei
761 3666 916 3708 unus
986 3651 1086 3726 qui

570 3741 816 3802 debebat
843 3743 897 3802 ei
925 3741 1070 3802 dece

570 3837 723 3896 milia
750 3837 1105 3897 talentoru‘·

570 3930 614 3964 ¹⁸
633 3929 786 3989 Cum
812 3939 1009 3989 autem
1037 3948 1162 3991 non

571 4021 804 4082 haberet
884 4023 1040 4083 unde

571 4116 835 4176 redderet
853 4147 869 4163 ·
919 4117 1009 4176 ius

573 4211 643 4269 sit
668 4229 806 4272 eum
833 4210 946 4271 diis
968 4212 1093 4272 eius

1852 336 1986 397 MA
2004 324 2348 397 ΤΤΗΕῡ-

1331 506 1654 567 uenundari
1724 516 1783 567 et
1809 525 1890 568 ux

1330 619 1493 661 orem
1519 601 1645 661 eius
1671 611 1729 659 et
1757 600 1835 660 fili

1330 713 1398 755 os
1417 728 1430 741 ·
1462 707 1521 755 et
1549 696 1748 756 omnia
1776 714 1926 772 quae

1328 787 1580 849 habebat
1645 800 1702 849 et
1730 789 1835 849 red

1327 881 1385 939 di
1414 882 1674 942 debitum
1698 914 1714 929 ·

1323 971 1368 1007 ’⁶
1386 976 1707 1036 Procidens
1734 994 1879 1053 ergo

1324 1087 1524 1128 seruus
1553 1071 1827 1130 adorabat

1322 1181 1458 1222 eum
1487 1164 1688 1224 dicens
1710 1195 1727 1211 ·
1769 1164 1884 1226 dfie

1324 1258 1659 1334 patientiam
1688 1257 1841 1318 habe

1323 1350 1383 1408 in
1413 1369 1508 1410 me
1531 1381 1546 1397 ·
1589 1361 1645 1410 et
1673 1352 1875 1412 omnia

1325 1445 1427 1504 tibi
1454 1444 1695 1504 reddam
1715 1477 1729 1493 ·
1789 1444 1834 1479 ²⁷
1854 1448 1935 1505 mi

1326 1550 1510 1599 sertus
1538 1549 1732 1599 autem
1763 1540 1875 1600 dr‘is

1326 1635 1478 1693 serui
1508 1634 1655 1693 illius
1685 1635 1825 1694 dimi

1325 1727 1397 1785 sit
1424 1746 1561 1786 eum
1580 1759 1595 1774 ·
1639 1737 1698 1789 et
1724 1729 1923 1788 debitii

1326 1821 1541 1880 dimisit
1566 1822 1617 1880 ei
1641 1851 1655 1868 ·
1676 1853 1689 1868 ·
1747 1820 1794 1855 ⁸⁸
1815 1841 1952 1900 egre

1327 1932 1424 1974 sus
1453 1925 1646 1973 autem
1676 1933 1875 1977 seruus

1323 2008 1415 2067 ille
1442 2009 1663 2069 inuenit
1688 2028 1728 2068 u

1326 2119 1468 2160 num
1497 2121 1571 2162 ex
1600 2104 1895 2164 conseruis

1325 2197 1444 2256 suis
1467 2228 1482 2243 ·
1525 2198 1624 2274 qui
1651 2198 1800 2257 debe

1324 2291 1425 2351 bat
1451 2291 1504 2350 ei
1532 2302 1764 2351 centum
1786 2292 1858 2352 de

1321 2423 1519 2484 narios
1538 2455 1552 2472 ·
1597 2433 1656 2485 et
1684 2434 1886 2485 tenens

1322 2536 1458 2577 eum
1492 2519 1819 2579 suffocabat

1323 2612 1527 2672 dicens
1550 2645 1566 2660 ·
1646 2613 1857 2674 Redde

1321 2708 1371 2767 si
1400 2707 1541 2784 quid
1571 2707 1752 2768 debes
1773 2740 1786 2755 ·

1317 2797 1364 2834 ’⁹
1381 2802 1701 2862 Procidens
1726 2821 1870 2880 ergo

1320 2913 1637 2956 conseruus
1657 2897 1781 2957 eius

1319 2991 1396 3049 ad
1426 2990 1608 3068 pedes
1635 2992 1759 3050 eius
1779 3018 1792 3032 ·
1838 3010 1905 3052 ro

1319 3085 1498 3162 gabat
1525 3103 1661 3144 eum
1689 3086 1892 3145 dicens
1915 3116 1931 3133 ·

1319 3180 1659 3256 patientiam
1687 3179 1839 3240 habe

1319 3272 1380 3332 in
1411 3291 1506 3332 me
1533 3283 1590 3332 et
1623 3275 1825 3332 omnia

1318 3366 1562 3426 reddam
1592 3367 1692 3426 tibi
1712 3398 1726 3414 ·
1785 3367 1832 3400 ⁸⁰
1849 3368 1888 3427 il

1320 3459 1374 3519 le
1403 3471 1600 3520 autem
1628 3461 1814 3521 noluit
1838 3494 1852 3510 ·

1322 3555 1439 3614 Sed
1468 3555 1606 3614 abiit
1633 3564 1691 3615 et
1719 3555 1876 3616 misit

1318 3668 1455 3709 eum
1484 3650 1546 3708 in
1574 3654 1807 3709 carcere

1319 3744 1511 3805 donec
1540 3744 1809 3804 redderet

1321 3839 1579 3899 debitum
1600 3870 1614 3885 ·
1663 3837 1795 3898 ⁸¹Ui

1319 3932 1525 3991 dentes
1552 3943 1748 3992 autem
1776 3951 1893 3994 con

1319 4027 1471 4085 serui
1497 4026 1642 4086 illius
1663 4046 1813 4105 quae

1318 4119 1566 4180 faciebat
1583 4152 1597 4167 ·
1642 4122 1862 4183 contris

1319 4211 1420 4275 tati
1448 4225 1583 4276 sunt
1611 4215 1780 4277 ualde

2136 505 2213 567 Et
2240 508 2543 568 uenientes
2571 516 2707 568 en⁸r

2134 611 2406 660 rauerunt
2434 602 2557 661 dfio

2133 713 2242 754 suo
2266 696 2466 754 omnia
2494 714 2644 773 quae

2132 788 2288 848 sacta
2316 800 2450 848 sunt
2473 821 2488 837 ·
2551 788 2597 823 ⁸⁹
2618 801 2759 852 tunc

2130 901 2353 943 uocans
2381 902 2518 943 eum
2547 884 2658 944 dns
2678 916 2691 931 ·

2129 978 2256 1036 eius
2326 978 2402 1036 ait
2430 978 2507 1036 illi
2530 1009 2545 1025 ·
2589 995 2684 1038 ser

2127 1088 2202 1129 ue
2232 1089 2426 1149 nequa
2498 1091 2602 1132 om

2127 1182 2269 1223 nem
2299 1166 2559 1225 debitum

2126 1256 2324 1316 remisi
2353 1259 2452 1316 tibi
2483 1265 2627 1337 qiim

2125 1353 2347 1429 rogasti
2373 1371 2469 1412 me
2490 1383 2506 1400 ·

2126 1444 2171 1478 ⁸⁸
2190 1464 2313 1506 non
2340 1465 2486 1524 ergo
2514 1465 2666 1525 opor

2127 1540 2235 1599 tuit
2262 1548 2321 1599 et
2349 1551 2407 1599 te
2476 1541 2626 1601 mise

2126 1634 2239 1692 reri
2265 1634 2533 1693 conserui

2129 1728 2211 1786 tui
2231 1759 2245 1774 ·
2285 1729 2431 1787 sicut
2464 1738 2523 1787 et
2551 1747 2584 1788 e

2128 1840 2210 1898 go
2239 1823 2321 1881 tui
2348 1823 2613 1882 misertus

2130 1934 2261 1975 sum
2281 1948 2295 1963 ·
2358 1915 2403 1949 ³⁴
2418 1915 2496 1975 Et
2522 1918 2699 1977 iratus

2128 2010 2242 2069 dns
2269 2010 2394 2070 eius
2460 2011 2634 2070 tradit

2126 2122 2264 2163 eum
2291 2104 2600 2163 tortoribus
2622 2134 2636 2151 ·

2126 2196 2531 2274 Quoadusque
2561 2198 2665 2258 red

2123 2290 2288 2351 deret
2312 2292 2518 2350 uniuer

2124 2441 2254 2483 sum
2284 2422 2543 2484 debitum
2564 2453 2579 2472 ·

2121 2517 2167 2552 ⁸⁶
2186 2517 2283 2577 Sic
2312 2529 2369 2578 et
2397 2530 2559 2594 pater
2587 2537 2753 2580 meus

2122 2612 2387 2671 caelestis
2415 2612 2583 2672 faciet

2122 2706 2292 2765 uobis
2311 2736 2325 2752 ·
2373 2706 2421 2765 si
2450 2724 2572 2765 non
2600 2725 2662 2767 re

2122 2800 2387 2859 miseritis
2418 2799 2581 2858 homi

2119 2895 2292 2953 nibus
2360 2895 2641 2971 unusquis

2119 3006 2237 3064 que
2266 2988 2340 3047 de
2370 2987 2640 3048 cordibus

2119 3084 2327 3141 uestris
2350 3113 2366 3130 ·
2390 3113 2405 3129 ·
2431 3113 2446 3129 ·
2471 3114 2488 3130 ·
2508 3108 2589 3135 -t-

2069 3173 2098 3206 *
2118 3181 2219 3236 19.
2260 3174 2282 3208 ¹
2298 3175 2377 3235 Et
2404 3177 2624 3235 factum
2651 3189 2777 3238 est·

2066 3272 2097 3305 *
2116 3289 2254 3329 cum
2281 3288 2596 3331 consumas

2067 3362 2096 3394 *
2117 3375 2204 3423 set
2231 3365 2319 3423 ihs
2347 3382 2541 3424 sermo

2066 3456 2096 3489 ¹⁸²
2116 3477 2226 3518 nes
2254 3459 2398 3519 istos
2416 3489 2431 3505 ·
2475 3470 2637 3519 trans

2067 3551 2243 3613 *tulit
2270 3571 2333 3612 se
2361 3554 2422 3611 in
2449 3553 2621 3630 galile

2066 3646 2095 3679 *
2116 3664 2215 3706 am
2239 3677 2254 3693 ·
2297 3656 2354 3706 et
2379 3647 2540 3706 uenit
2567 3647 2629 3705 in

2117 3741 2266 3799 fines
2294 3741 2497 3798 iudeae
2524 3748 2680 3800 trssns

2116 3833 2489 3893 iordannem·

2117 3924 2140 3960 ²
2155 3937 2214 3987 et
2241 3936 2436 3987 secute
2465 3938 2598 3986 sunt
2616 3937 2745 3986 eu*

2116 4023 2315 4082 turbae
2343 4020 2558 4080 multae
2577 4051 2593 4066 ·

2116 4126 2175 4174 et
2203 4115 2425 4174 curauit
2451 4132 2553 4174 eos
2580 4114 2693 4172 ibi·

2113 4209 2135 4243 ⁸
2152 4209 2231 4268 Et
2257 4218 2624 4269 accesserunt
2645 4207 2723 4269 ad

2663 4309 2740 4363 eii

3509 354 3592 423 25

2889 507 3143 569 Farisaei
3171 518 3432 593 taemtan

2885 610 2974 662 tes
3002 621 3138 663 eum
3165 615 3223 665 et
3251 606 3422 667 dicen
3528 619 3540 629 ·

2886 706 2972 755 tes
3001 698 3053 756 ei
3075 729 3090 744 ·
3135 699 3358 761 silicet

2885 789 3108 852 homini
3137 794 3358 855 dimitte

2883 903 2946 943 re
2973 903 3217 946 uxorem
3246 906 3413 949 suam
3431 920 3447 938 ·

2881 997 3249 1058 quacumque
3277 1001 3351 1041 ex

2883 1091 3058 1132 causa
3082 1104 3096 1121 ·
3160 1076 3183 1109 ⁴
3199 1075 3280 1135 At
3306 1076 3398 1136 ille

2881 1168 3242 1245 respondens
3269 1171 3348 1230 ait

2879 1260 2965 1321 eis
2985 1291 2999 1307 ·
3043 1280 3163 1322 non
3191 1263 3404 1340 legistis
3423 1294 3439 1312 ·

2881 1355 3016 1432 quia
3044 1357 3142 1434 qui
3170 1357 3304 1417 fecit
3331 1359 3407 1417 ab
3441 1361 3460 1418 i

2882 1449 3025 1510 nitio
3093 1451 3421 1511 masculum
3477 1494 3482 1499 -

2879 1552 2938 1602 et
2959 1543 3237 1602 seminam
3264 1545 3400 1605 fecit

2880 1655 2984 1696 eos
3019 1638 3115 1697 “et
3142 1638 3323 1698 dixit·
3366 1650 3508 1717 prop
3567 1657 3576 1661 ”

2881 1741 2966 1790 ter
2994 1731 3108 1791 hoc
3139 1731 3384 1793 dimittet

2880 1824 3060 1884 homo
3086 1837 3309 1901 patrem
3343 1838 3401 1887 et

2881 1928 3126 1978 matrem
3150 1948 3165 1964 ·
3209 1928 3266 1978 et
3294 1919 3371 1979 ad

2878 2012 3147 2088 iungetur
3173 2014 3339 2073 uxori

2879 2122 3022 2165 suae
3042 2137 3056 2152 ·
3100 2096 3158 2165 et
3186 2117 3355 2166 erunt
3384 2106 3501 2167 due

2878 2198 2939 2257 in
2968 2218 3143 2259 carne
3171 2218 3290 2259 una
3309 2231 3325 2248 ·
3389 2202 3411 2235 ⁸
3429 2203 3521 2262 Ita

2876 2311 2990 2369 que
3016 2294 3133 2353 iam
3161 2312 3282 2354 non
3311 2306 3445 2355 sunt

2877 2423 2996 2484 duo
3024 2423 3127 2484 sed
3160 2442 3297 2486 caro
3323 2443 3443 2487 una
3464 2458 3480 2474 ·

2878 2518 3060 2592 Quod
3087 2539 3228 2597 ergo
3259 2520 3327 2580 ds
3357 2539 3475 2581 con

2876 2613 3060 2673 iunxit
3083 2613 3265 2674 homo
3292 2634 3415 2675 non

2877 2718 3105 2783 separet
3123 2738 3138 2754 ·
3181 2708 3203 2740 ⁷
3220 2707 3442 2768 Dicunt

2875 2799 2955 2858 illi
2983 2800 3123 2877 quid
3150 2819 3293 2877 ergo
3323 2819 3463 2879 moy

2876 2911 2970 2954 ses
2999 2895 3302 2954 mandauit

2875 2988 3011 3047 dare
3034 2989 3244 3048 librum
3270 3008 3334 3049 re

2872 3083 3032 3160 pudii
3061 3093 3119 3142 et
3144 3084 3365 3143 dimitte

2872 3195 2935 3235 re
2964 3194 3096 3236 eam
3117 3208 3131 3223 ·
3189 3177 3212 3210 ⁸
3229 3178 3308 3236 ait
3335 3177 3444 3236 illis

2872 3277 3015 3347 qilm
3044 3289 3278 3348 moyses
3304 3282 3444 3349 prop

2873 3377 2959 3426 ter
2987 3366 3252 3425 duritiam
3280 3384 3384 3425 cor

2873 3459 2963 3518 dis
2990 3460 3165 3518 uestri
3184 3489 3199 3504 ·
3243 3477 3347 3535 per

2870 3553 3025 3612 misit
3050 3553 3221 3611 uobis
3249 3552 3415 3612 dimit

2870 3655 2988 3706 tere
3014 3664 3225 3705 uxores
3251 3664 3357 3706 ues

2869 3751 2986 3799 tras
3005 3772 3019 3788 ·
3064 3741 3160 3799 Ab
3187 3741 3351 3801 initio

2867 3845 3064 3894 autem
3091 3852 3216 3893 non
3242 3834 3344 3893 fuit
3371 3835 3453 3894 sic
3471 3865 3515 3879 -

2869 3931 2891 3963 ⁹
2908 3930 3060 3988 Dico
3089 3939 3281 3986 autem
3310 3930 3479 3988 uobis

2868 4029 3010 4101 qiim
3037 4021 3275 4098 quicum
3297 4023 3452 4082 eiiin-

2867 4135 2983 4194 que
3010 4116 3287 4176 dimiserit
3314 4136 3394 4176 ux

2868 4230 3030 4272 orem
3059 4228 3226 4270 suam
3249 4241 3263 4258 ·
3308 4211 3416 4272 nisi

3610 530 3734 581 Pol.
3751 530 3846 580 49.
