<?xml version="1.0" encoding="UTF-8"?>
<!DOCTYPE html PUBLIC "-//W3C//DTD XHTML 1.0 Transitional//EN"
    "http://www.w3.org/TR/xhtml1/DTD/xhtml1-transitional.dtd">
<html xmlns="http://www.w3.org/1999/xhtml" xml:lang="en" lang="en">
 <head>
  <title>
</title>
<meta http-equiv="Content-Type" content="text/html;charset=utf-8" />
  <meta name='ocr-system' content='tesseract 3.04.00' />
  <meta name='ocr-capabilities' content='ocr_page ocr_carea ocr_par ocr_line ocrx_word'/>
</head>
<body>
  <div class='ocr_page' id='page_1' title='image "./oldlatinbiblica00wordgoog_0167.png"; bbox 0 0 4414 4917; ppageno 0'>
   <div class='ocr_carea' id='block_1_1' title="bbox 619 348 1039 417">
    <p class='ocr_par' dir='ltr' id='par_1_1' title="bbox 619 348 1039 417">
     <span class='ocr_line' id='line_1_1' title="bbox 619 348 1039 417; baseline 0.007 -17"><span class='ocrx_word' id='word_1_1' title='bbox 619 352 789 403; x_wconf 82' lang='lat' dir='ltr'>xxn.</span> <span class='ocrx_word' id='word_1_2' title='bbox 819 348 1039 417; x_wconf 81' lang='lat'>15—47.]</span> 
     </span>
    </p>
   </div>
   <div class='ocr_carea' id='block_1_2' title="bbox 325 514 1231 594">
    <p class='ocr_par' dir='ltr' id='par_1_2' title="bbox 325 514 1231 594">
     <span class='ocr_line' id='line_1_2' title="bbox 325 514 1231 594; baseline 0.001 -20"><span class='ocrx_word' id='word_1_3' title='bbox 325 526 463 577; x_wconf 72' lang='lat' dir='ltr'>rol.</span> <span class='ocrx_word' id='word_1_4' title='bbox 481 530 593 577; x_wconf 75' lang='lat'>151.</span> <span class='ocrx_word' id='word_1_5' title='bbox 620 514 732 576; x_wconf 91' lang='lat' dir='ltr'>hoc</span> <span class='ocrx_word' id='word_1_6' title='bbox 762 517 985 594; x_wconf 89' lang='lat' dir='ltr'>pascha</span> <span class='ocrx_word' id='word_1_7' title='bbox 1012 514 1231 575; x_wconf 85' lang='lat' dir='ltr'>mandu</span> 
     </span>
    </p>
   </div>
   <div class='ocr_carea' id='block_1_3' title="bbox 610 612 1245 859">
    <p class='ocr_par' dir='ltr' id='par_1_3' title="bbox 610 612 1245 859">
     <span class='ocr_line' id='line_1_3' title="bbox 619 612 1095 670; baseline -0.004 0"><span class='ocrx_word' id='word_1_8' title='bbox 619 629 748 670; x_wconf 89' lang='lat' dir='ltr'>care</span> <span class='ocrx_word' id='word_1_9' title='bbox 784 612 1095 670; x_wconf 90' lang='lat' dir='ltr'>uobiscum</span> 
     </span>
     <span class='ocr_line' id='line_1_4' title="bbox 616 705 1211 782; baseline 0.002 -20"><span class='ocrx_word' id='word_1_10' title='bbox 616 713 932 782; x_wconf 84' lang='lat' dir='ltr'><strong>antequam</strong></span> <span class='ocrx_word' id='word_1_11' title='bbox 962 705 1175 764; x_wconf 87' lang='lat' dir='ltr'>moriar</span> <span class='ocrx_word' id='word_1_12' title='bbox 1198 735 1211 750; x_wconf 93' lang='lat'><strong>·</strong></span> 
     </span>
     <span class='ocr_line' id='line_1_5' title="bbox 610 794 1245 859; baseline 0.003 -4"><span class='ocrx_word' id='word_1_13' title='bbox 610 794 658 831; x_wconf 80' lang='lat'>¹⁸</span> <span class='ocrx_word' id='word_1_14' title='bbox 673 797 827 859; x_wconf 92' lang='lat' dir='ltr'>Dico</span> <span class='ocrx_word' id='word_1_15' title='bbox 856 800 1013 858; x_wconf 91' lang='lat' dir='ltr'>enim</span> <span class='ocrx_word' id='word_1_16' title='bbox 1040 799 1210 858; x_wconf 89' lang='lat' dir='ltr'>uobis</span> <span class='ocrx_word' id='word_1_17' title='bbox 1231 829 1245 844; x_wconf 92' lang='lat'><strong>·</strong></span> 
     </span>
    </p>
   </div>
   <div class='ocr_carea' id='block_1_4' title="bbox 1953 339 2299 404">
    <p class='ocr_par' dir='ltr' id='par_1_4' title="bbox 1953 339 2299 404">
     <span class='ocr_line' id='line_1_6' title="bbox 1953 339 2299 404; baseline 0.006 -3"><span class='ocrx_word' id='word_1_18' title='bbox 1953 339 2299 404; x_wconf 83' lang='lat' dir='ltr'><em>LUCAN-</em></span> 
     </span>
    </p>
   </div>
   <div class='ocr_carea' id='block_1_5' title="bbox 1369 514 2012 876">
    <p class='ocr_par' dir='ltr' id='par_1_5' title="bbox 1370 514 1768 576">
     <span class='ocr_line' id='line_1_7' title="bbox 1370 514 1768 576; baseline 0.005 -2"><span class='ocrx_word' id='word_1_19' title='bbox 1370 514 1485 575; x_wconf 88' lang='lat' dir='ltr'>hoc</span> <span class='ocrx_word' id='word_1_20' title='bbox 1514 516 1768 576; x_wconf 89' lang='lat' dir='ltr'>facturus</span> 
     </span>
    </p>

    <p class='ocr_par' dir='ltr' id='par_1_6' title="bbox 1369 606 2012 764">
     <span class='ocr_line' id='line_1_8' title="bbox 1370 606 2012 670; baseline 0.002 -2"><span class='ocrx_word' id='word_1_21' title='bbox 1370 606 1414 642; x_wconf 80' lang='lat'>²⁴</span> <span class='ocrx_word' id='word_1_22' title='bbox 1431 610 1674 669; x_wconf 86' lang='lat' dir='ltr'>Factum</span> <span class='ocrx_word' id='word_1_23' title='bbox 1703 620 1791 669; x_wconf 91' lang='lat' dir='ltr'>est</span> <span class='ocrx_word' id='word_1_24' title='bbox 1819 619 2012 670; x_wconf 92' lang='lat' dir='ltr'>autem</span> 
     </span>
     <span class='ocr_line' id='line_1_9' title="bbox 1369 706 1846 764; baseline -0.002 0"><span class='ocrx_word' id='word_1_25' title='bbox 1369 706 1669 764; x_wconf 91' lang='lat' dir='ltr'>contentio</span> <span class='ocrx_word' id='word_1_26' title='bbox 1697 706 1846 764; x_wconf 91' lang='lat' dir='ltr'>inter</span> 
     </span>
    </p>

    <p class='ocr_par' dir='ltr' id='par_1_7' title="bbox 1369 798 1925 876">
     <span class='ocr_line' id='line_1_10' title="bbox 1369 798 1925 876; baseline 0.002 -20"><span class='ocrx_word' id='word_1_27' title='bbox 1369 798 1498 858; x_wconf 93' lang='lat' dir='ltr'>illos</span> <span class='ocrx_word' id='word_1_28' title='bbox 1528 800 1798 876; x_wconf 88' lang='lat' dir='ltr'>quisnam</span> <span class='ocrx_word' id='word_1_29' title='bbox 1826 818 1925 857; x_wconf 87' lang='lat' dir='ltr'>ma</span> 
     </span>
    </p>
   </div>
   <div class='ocr_carea' id='block_1_6' title="bbox 610 892 2049 970">
    <p class='ocr_par' dir='ltr' id='par_1_8' title="bbox 610 892 2049 970">
     <span class='ocr_line' id='line_1_11' title="bbox 610 892 2049 970; baseline 0.001 -20"><span class='ocrx_word' id='word_1_30' title='bbox 610 893 749 970; x_wconf 89' lang='lat' dir='ltr'>quia</span> <span class='ocrx_word' id='word_1_31' title='bbox 778 911 852 951; x_wconf 87' lang='lat' dir='ltr'>ex</span> <span class='ocrx_word' id='word_1_32' title='bbox 883 892 997 952; x_wconf 92' lang='lat' dir='ltr'>hoc</span> <span class='ocrx_word' id='word_1_33' title='bbox 1028 911 1151 951; x_wconf 90' lang='lat' dir='ltr'>non</span> <span class='ocrx_word' id='word_1_34' title='bbox 1181 902 1313 952; x_wconf 75' lang='lat' dir='ltr'>m⁸n</span> <span class='ocrx_word' id='word_1_35' title='bbox 1366 893 1455 951; x_wconf 94' lang='lat' dir='ltr'>ior</span> <span class='ocrx_word' id='word_1_36' title='bbox 1483 911 1688 952; x_wconf 90' lang='lat' dir='ltr'>eorum</span> <span class='ocrx_word' id='word_1_37' title='bbox 1716 902 1803 951; x_wconf 92' lang='lat' dir='ltr'>est</span> <span class='ocrx_word' id='word_1_38' title='bbox 1826 924 1841 939; x_wconf 91' lang='lat'><strong>·</strong></span> <span class='ocrx_word' id='word_1_39' title='bbox 1906 893 1951 927; x_wconf 75' lang='lat'>²⁸</span> <span class='ocrx_word' id='word_1_40' title='bbox 1972 893 2049 951; x_wconf 89' lang='lat' dir='ltr'>At</span> 
     </span>
    </p>
   </div>
   <div class='ocr_carea' id='block_1_7' title="bbox 595 984 1304 2468">
    <p class='ocr_par' dir='ltr' id='par_1_9' title="bbox 609 984 1229 1156">
     <span class='ocr_line' id='line_1_12' title="bbox 611 984 1229 1046; baseline 0.005 -3"><span class='ocrx_word' id='word_1_41' title='bbox 611 984 843 1045; x_wconf 90' lang='lat' dir='ltr'>ducabo</span> <span class='ocrx_word' id='word_1_42' title='bbox 874 986 1011 1044; x_wconf 88' lang='lat' dir='ltr'>illud</span> <span class='ocrx_word' id='word_1_43' title='bbox 1040 986 1229 1046; x_wconf 90' lang='lat' dir='ltr'>donec</span> 
     </span>
     <span class='ocr_line' id='line_1_13' title="bbox 609 1078 1134 1156; baseline 0.004 -20"><span class='ocrx_word' id='word_1_44' title='bbox 609 1078 915 1155; x_wconf 88' lang='lat' dir='ltr'>impleatur</span> <span class='ocrx_word' id='word_1_45' title='bbox 942 1080 1003 1137; x_wconf 92' lang='lat' dir='ltr'>in</span> <span class='ocrx_word' id='word_1_46' title='bbox 1029 1098 1134 1156; x_wconf 90' lang='lat' dir='ltr'>reg</span> 
     </span>
    </p>

    <p class='ocr_par' dir='ltr' id='par_1_10' title="bbox 603 1171 1249 1889">
     <span class='ocr_line' id='line_1_14' title="bbox 608 1171 1249 1251; baseline 0.005 -21"><span class='ocrx_word' id='word_1_47' title='bbox 608 1188 688 1231; x_wconf 93' lang='lat' dir='ltr'>no</span> <span class='ocrx_word' id='word_1_48' title='bbox 720 1172 779 1230; x_wconf 80' lang='lat' dir='ltr'>di</span> <span class='ocrx_word' id='word_1_49' title='bbox 801 1203 850 1218; x_wconf 91' lang='lat'>··</span> <span class='ocrx_word' id='word_1_50' title='bbox 912 1171 1042 1230; x_wconf 77' lang='lat' dir='ltr'>¹⁷Et</span> <span class='ocrx_word' id='word_1_51' title='bbox 1068 1191 1249 1251; x_wconf 85' lang='lat' dir='ltr'>accep</span> 
     </span>
     <span class='ocr_line' id='line_1_15' title="bbox 608 1265 1118 1342; baseline 0.004 -19"><span class='ocrx_word' id='word_1_52' title='bbox 608 1274 671 1324; x_wconf 91' lang='lat' dir='ltr'>to</span> <span class='ocrx_word' id='word_1_53' title='bbox 698 1265 878 1324; x_wconf 89' lang='lat' dir='ltr'>calice</span> <span class='ocrx_word' id='word_1_54' title='bbox 906 1267 1118 1342; x_wconf 87' lang='lat' dir='ltr'>gratias</span> 
     </span>
     <span class='ocr_line' id='line_1_16' title="bbox 607 1359 1228 1434; baseline 0.003 -18"><span class='ocrx_word' id='word_1_55' title='bbox 607 1370 739 1434; x_wconf 90' lang='lat' dir='ltr'>eget</span> <span class='ocrx_word' id='word_1_56' title='bbox 767 1368 826 1417; x_wconf 88' lang='lat' dir='ltr'>et</span> <span class='ocrx_word' id='word_1_57' title='bbox 854 1359 996 1417; x_wconf 87' lang='lat' dir='ltr'>dixit</span> <span class='ocrx_word' id='word_1_58' title='bbox 1017 1391 1031 1405; x_wconf 95' lang='lat'><strong>·</strong></span> <span class='ocrx_word' id='word_1_59' title='bbox 1102 1362 1228 1420; x_wconf 91' lang='lat' dir='ltr'>acci</span> 
     </span>
     <span class='ocr_line' id='line_1_17' title="bbox 605 1452 1194 1528; baseline 0.007 -19"><span class='ocrx_word' id='word_1_60' title='bbox 605 1452 722 1528; x_wconf 92' lang='lat' dir='ltr'>pite</span> <span class='ocrx_word' id='word_1_61' title='bbox 750 1452 866 1512; x_wconf 86' lang='lat' dir='ltr'>hoc</span> <span class='ocrx_word' id='word_1_62' title='bbox 937 1462 995 1511; x_wconf 91' lang='lat' dir='ltr'>et</span> <span class='ocrx_word' id='word_1_63' title='bbox 1023 1453 1194 1513; x_wconf 91' lang='lat' dir='ltr'>diuite</span> 
     </span>
     <span class='ocr_line' id='line_1_18' title="bbox 606 1544 1185 1607; baseline 0.007 -4"><span class='ocrx_word' id='word_1_64' title='bbox 606 1545 754 1605; x_wconf 91' lang='lat' dir='ltr'>inter</span> <span class='ocrx_word' id='word_1_65' title='bbox 781 1565 888 1606; x_wconf 90' lang='lat' dir='ltr'>uos</span> <span class='ocrx_word' id='word_1_66' title='bbox 911 1579 926 1594; x_wconf 92' lang='lat'><strong>·</strong></span> <span class='ocrx_word' id='word_1_67' title='bbox 993 1544 1037 1580; x_wconf 81' lang='lat'>¹⁸</span> <span class='ocrx_word' id='word_1_68' title='bbox 1053 1547 1185 1607; x_wconf 90' lang='lat' dir='ltr'>dico</span> 
     </span>
     <span class='ocr_line' id='line_1_19' title="bbox 604 1639 1196 1718; baseline 0.002 -19"><span class='ocrx_word' id='word_1_69' title='bbox 604 1639 763 1699; x_wconf 84' lang='lat' dir='ltr'>enim</span> <span class='ocrx_word' id='word_1_70' title='bbox 792 1641 963 1700; x_wconf 84' lang='lat' dir='ltr'>uobis</span> <span class='ocrx_word' id='word_1_71' title='bbox 1032 1641 1196 1718; x_wconf 91' lang='lat' dir='ltr'>quod</span> 
     </span>
     <span class='ocr_line' id='line_1_20' title="bbox 605 1734 1237 1812; baseline 0.008 -21"><span class='ocrx_word' id='word_1_72' title='bbox 605 1750 729 1793; x_wconf 89' lang='lat' dir='ltr'>non</span> <span class='ocrx_word' id='word_1_73' title='bbox 757 1734 957 1793; x_wconf 89' lang='lat' dir='ltr'>bibam</span> <span class='ocrx_word' id='word_1_74' title='bbox 987 1735 1058 1794; x_wconf 94' lang='lat' dir='ltr'>de</span> <span class='ocrx_word' id='word_1_75' title='bbox 1087 1755 1237 1812; x_wconf 86' lang='lat' dir='ltr'>gene</span> 
     </span>
     <span class='ocr_line' id='line_1_21' title="bbox 603 1827 1092 1889; baseline 0.008 -4"><span class='ocrx_word' id='word_1_76' title='bbox 603 1827 824 1886; x_wconf 89' lang='lat' dir='ltr'>ratione</span> <span class='ocrx_word' id='word_1_77' title='bbox 851 1829 985 1887; x_wconf 87' lang='lat' dir='ltr'>uitis</span> <span class='ocrx_word' id='word_1_78' title='bbox 1015 1829 1092 1889; x_wconf 94' lang='lat' dir='ltr'>do</span> 
     </span>
    </p>

    <p class='ocr_par' dir='ltr' id='par_1_11' title="bbox 595 1923 1304 2468">
     <span class='ocr_line' id='line_1_22' title="bbox 604 1923 1178 1998; baseline 0.003 -18"><span class='ocrx_word' id='word_1_79' title='bbox 604 1939 712 1980; x_wconf 86' lang='lat' dir='ltr'>nec</span> <span class='ocrx_word' id='word_1_80' title='bbox 738 1940 989 1998; x_wconf 90' lang='lat' dir='ltr'>regnum</span> <span class='ocrx_word' id='word_1_81' title='bbox 1017 1923 1078 1982; x_wconf 82' lang='lat' dir='ltr'>di</span> <span class='ocrx_word' id='word_1_82' title='bbox 1103 1942 1178 1982; x_wconf 92' lang='lat' dir='ltr'>ue</span> 
     </span>
     <span class='ocr_line' id='line_1_23' title="bbox 602 2014 1304 2096; baseline 0.009 -24"><span class='ocrx_word' id='word_1_83' title='bbox 602 2015 724 2075; x_wconf 91' lang='lat' dir='ltr'>niat</span> <span class='ocrx_word' id='word_1_84' title='bbox 742 2046 756 2062; x_wconf 92' lang='lat'><strong>·</strong></span> <span class='ocrx_word' id='word_1_85' title='bbox 821 2014 865 2047; x_wconf 84' lang='lat'>¹⁹</span> <span class='ocrx_word' id='word_1_86' title='bbox 878 2025 935 2074; x_wconf 90' lang='lat' dir='ltr'>et</span> <span class='ocrx_word' id='word_1_87' title='bbox 963 2026 1198 2094; x_wconf 76' lang='lat' dir='ltr'>accepto</span> <span class='ocrx_word' id='word_1_88' title='bbox 1226 2037 1304 2096; x_wconf 88' lang='lat' dir='ltr'>pa</span> 
     </span>
     <span class='ocr_line' id='line_1_24' title="bbox 602 2109 1149 2188; baseline 0.005 -22"><span class='ocrx_word' id='word_1_89' title='bbox 602 2126 675 2167; x_wconf 93' lang='lat' dir='ltr'>ne</span> <span class='ocrx_word' id='word_1_90' title='bbox 702 2109 916 2184; x_wconf 83' lang='lat' dir='ltr'>gratias</span> <span class='ocrx_word' id='word_1_91' title='bbox 946 2112 1065 2188; x_wconf 89' lang='lat' dir='ltr'>egit</span> <span class='ocrx_word' id='word_1_92' title='bbox 1092 2120 1149 2169; x_wconf 90' lang='lat' dir='ltr'>et</span> 
     </span>
     <span class='ocr_line' id='line_1_25' title="bbox 600 2200 1177 2277; baseline 0.007 -19"><span class='ocrx_word' id='word_1_93' title='bbox 600 2200 766 2277; x_wconf 84' lang='lat' dir='ltr'>fregit</span> <span class='ocrx_word' id='word_1_94' title='bbox 788 2232 802 2248; x_wconf 91' lang='lat'><strong>·</strong></span> <span class='ocrx_word' id='word_1_95' title='bbox 867 2212 926 2262; x_wconf 91' lang='lat' dir='ltr'>et</span> <span class='ocrx_word' id='word_1_96' title='bbox 954 2203 1111 2264; x_wconf 89' lang='lat' dir='ltr'>dedit</span> <span class='ocrx_word' id='word_1_97' title='bbox 1139 2204 1177 2263; x_wconf 95' lang='lat' dir='ltr'>il</span> 
     </span>
     <span class='ocr_line' id='line_1_26' title="bbox 598 2292 1228 2359; baseline 0.01 -5"><span class='ocrx_word' id='word_1_98' title='bbox 598 2292 665 2354; x_wconf 82' lang='lat' dir='ltr'>lis</span> <span class='ocrx_word' id='word_1_99' title='bbox 693 2295 894 2355; x_wconf 90' lang='lat' dir='ltr'>dicens</span> <span class='ocrx_word' id='word_1_100' title='bbox 918 2328 933 2341; x_wconf 95' lang='lat'><strong>·</strong></span> <span class='ocrx_word' id='word_1_101' title='bbox 998 2297 1111 2357; x_wconf 86' lang='lat' dir='ltr'>hoc</span> <span class='ocrx_word' id='word_1_102' title='bbox 1139 2311 1228 2359; x_wconf 87' lang='lat' dir='ltr'>est</span> 
     </span>
     <span class='ocr_line' id='line_1_27' title="bbox 595 2406 1040 2468; baseline 0.004 -21"><span class='ocrx_word' id='word_1_103' title='bbox 595 2406 811 2468; x_wconf 89' lang='lat' dir='ltr'>corpus</span> <span class='ocrx_word' id='word_1_104' title='bbox 839 2408 1040 2449; x_wconf 90' lang='lat' dir='ltr'>meum</span> 
     </span>
    </p>
   </div>
   <div class='ocr_carea' id='block_1_8' title="bbox 591 2520 1297 3612">
    <p class='ocr_par' dir='ltr' id='par_1_12' title="bbox 594 2520 1297 3142">
     <span class='ocr_line' id='line_1_28' title="bbox 597 2520 1286 2599; baseline 0.009 -22"><span class='ocrx_word' id='word_1_105' title='bbox 597 2520 757 2598; x_wconf 89' lang='lat' dir='ltr'>quod</span> <span class='ocrx_word' id='word_1_106' title='bbox 785 2539 896 2599; x_wconf 91' lang='lat' dir='ltr'>pro</span> <span class='ocrx_word' id='word_1_107' title='bbox 925 2523 1095 2582; x_wconf 93' lang='lat' dir='ltr'>uobis</span> <span class='ocrx_word' id='word_1_108' title='bbox 1120 2523 1286 2583; x_wconf 90' lang='lat' dir='ltr'>datur</span> 
     </span>
     <span class='ocr_line' id='line_1_29' title="bbox 595 2612 1236 2676; baseline 0.006 -4"><span class='ocrx_word' id='word_1_109' title='bbox 595 2612 709 2673; x_wconf 90' lang='lat' dir='ltr'>hoc</span> <span class='ocrx_word' id='word_1_110' title='bbox 739 2613 909 2675; x_wconf 87' lang='lat' dir='ltr'>facite</span> <span class='ocrx_word' id='word_1_111' title='bbox 939 2616 1013 2675; x_wconf 89' lang='lat' dir='ltr'>ad</span> <span class='ocrx_word' id='word_1_112' title='bbox 1042 2634 1236 2676; x_wconf 89' lang='lat' dir='ltr'>meam</span> 
     </span>
     <span class='ocr_line' id='line_1_30' title="bbox 595 2711 1228 2769; baseline 0.006 -3"><span class='ocrx_word' id='word_1_113' title='bbox 595 2711 1162 2769; x_wconf 65' lang='lat' dir='ltr'>commemoratione</span> <span class='ocrx_word' id='word_1_114' title='bbox 1184 2743 1228 2755; x_wconf 91' lang='lat'>-</span> 
     </span>
     <span class='ocr_line' id='line_1_31' title="bbox 594 2800 1297 2864; baseline 0.007 -5"><span class='ocrx_word' id='word_1_115' title='bbox 594 2800 639 2834; x_wconf 80' lang='lat'>²⁰</span> <span class='ocrx_word' id='word_1_116' title='bbox 657 2800 932 2862; x_wconf 89' lang='lat' dir='ltr'>Similiter</span> <span class='ocrx_word' id='word_1_117' title='bbox 960 2814 1018 2862; x_wconf 93' lang='lat' dir='ltr'>et</span> <span class='ocrx_word' id='word_1_118' title='bbox 1056 2805 1297 2864; x_wconf 89' lang='lat' dir='ltr'>calicem</span> 
     </span>
     <span class='ocr_line' id='line_1_32' title="bbox 594 2897 1235 2971; baseline 0.006 -18"><span class='ocrx_word' id='word_1_119' title='bbox 594 2903 728 2971; x_wconf 91' lang='lat' dir='ltr'>post</span> <span class='ocrx_word' id='word_1_120' title='bbox 756 2914 967 2956; x_wconf 89' lang='lat' dir='ltr'>cenam</span> <span class='ocrx_word' id='word_1_121' title='bbox 996 2897 1198 2957; x_wconf 92' lang='lat' dir='ltr'>dicens</span> <span class='ocrx_word' id='word_1_122' title='bbox 1220 2929 1235 2945; x_wconf 90' lang='lat'><strong>·</strong></span> 
     </span>
     <span class='ocr_line' id='line_1_33' title="bbox 595 2987 1174 3051; baseline 0.007 -5"><span class='ocrx_word' id='word_1_123' title='bbox 595 2987 686 3048; x_wconf 87' lang='lat' dir='ltr'>hic</span> <span class='ocrx_word' id='word_1_124' title='bbox 715 2999 804 3048; x_wconf 88' lang='lat' dir='ltr'>est</span> <span class='ocrx_word' id='word_1_125' title='bbox 832 2991 981 3050; x_wconf 89' lang='lat' dir='ltr'>calix</span> <span class='ocrx_word' id='word_1_126' title='bbox 1013 2997 1174 3051; x_wconf 75' lang='lat' dir='ltr'>nouu</span> 
     </span>
     <span class='ocr_line' id='line_1_34' title="bbox 596 3091 1006 3142; baseline 0.005 -2"><span class='ocrx_word' id='word_1_127' title='bbox 596 3091 1006 3142; x_wconf 85' lang='lat' dir='ltr'>testamentum</span> 
     </span>
    </p>

    <p class='ocr_par' dir='ltr' id='par_1_13' title="bbox 591 3174 1285 3612">
     <span class='ocr_line' id='line_1_35' title="bbox 593 3174 1134 3254; baseline 0.009 -21"><span class='ocrx_word' id='word_1_128' title='bbox 593 3174 654 3233; x_wconf 91' lang='lat' dir='ltr'>in</span> <span class='ocrx_word' id='word_1_129' title='bbox 682 3178 968 3254; x_wconf 87' lang='lat' dir='ltr'>sanguine</span> <span class='ocrx_word' id='word_1_130' title='bbox 998 3196 1134 3238; x_wconf 89' lang='lat' dir='ltr'>meo</span> 
     </span>
     <span class='ocr_line' id='line_1_36' title="bbox 595 3269 1182 3346; baseline 0.007 -19"><span class='ocrx_word' id='word_1_131' title='bbox 595 3269 754 3345; x_wconf 91' lang='lat' dir='ltr'>quod</span> <span class='ocrx_word' id='word_1_132' title='bbox 785 3288 892 3346; x_wconf 91' lang='lat' dir='ltr'>pro</span> <span class='ocrx_word' id='word_1_133' title='bbox 919 3272 1088 3331; x_wconf 87' lang='lat' dir='ltr'>uobis</span> <span class='ocrx_word' id='word_1_134' title='bbox 1116 3272 1182 3331; x_wconf 89' lang='lat' dir='ltr'>ef</span> 
     </span>
     <span class='ocr_line' id='line_1_37' title="bbox 592 3360 1259 3425; baseline 0.01 -7"><span class='ocrx_word' id='word_1_135' title='bbox 592 3360 860 3422; x_wconf 89' lang='lat' dir='ltr'>fundetur</span> <span class='ocrx_word' id='word_1_136' title='bbox 885 3394 899 3410; x_wconf 92' lang='lat'><strong>·</strong></span> <span class='ocrx_word' id='word_1_137' title='bbox 962 3361 1005 3396; x_wconf 83' lang='lat'>¹¹</span> <span class='ocrx_word' id='word_1_138' title='bbox 1024 3366 1259 3425; x_wconf 88' lang='lat' dir='ltr'>Tamen</span> 
     </span>
     <span class='ocr_line' id='line_1_38' title="bbox 593 3459 1201 3518; baseline 0.007 -4"><span class='ocrx_word' id='word_1_139' title='bbox 593 3473 730 3515; x_wconf 85' lang='lat' dir='ltr'>ecce</span> <span class='ocrx_word' id='word_1_140' title='bbox 761 3475 970 3517; x_wconf 89' lang='lat' dir='ltr'>manus</span> <span class='ocrx_word' id='word_1_141' title='bbox 999 3459 1201 3518; x_wconf 90' lang='lat' dir='ltr'>traden</span> 
     </span>
     <span class='ocr_line' id='line_1_39' title="bbox 591 3549 1285 3612; baseline 0.009 -5"><span class='ocrx_word' id='word_1_142' title='bbox 591 3549 662 3607; x_wconf 90' lang='lat' dir='ltr'>tis</span> <span class='ocrx_word' id='word_1_143' title='bbox 689 3568 925 3610; x_wconf 90' lang='lat' dir='ltr'>mecum</span> <span class='ocrx_word' id='word_1_144' title='bbox 954 3552 1015 3610; x_wconf 92' lang='lat' dir='ltr'>in</span> <span class='ocrx_word' id='word_1_145' title='bbox 1043 3571 1248 3612; x_wconf 90' lang='lat' dir='ltr'>mensa</span> <span class='ocrx_word' id='word_1_146' title='bbox 1272 3585 1285 3600; x_wconf 93' lang='lat'><strong>·</strong></span> 
     </span>
    </p>
   </div>
   <div class='ocr_carea' id='block_1_9' title="bbox 585 3650 1294 4482">
    <p class='ocr_par' dir='ltr' id='par_1_14' title="bbox 585 3650 1280 3996">
     <span class='ocr_line' id='line_1_40' title="bbox 589 3650 1280 3732; baseline 0.007 -20"><span class='ocrx_word' id='word_1_147' title='bbox 589 3650 725 3713; x_wconf 72' lang='lat' dir='ltr'>”Et</span> <span class='ocrx_word' id='word_1_148' title='bbox 753 3657 992 3732; x_wconf 90' lang='lat' dir='ltr'>quidem</span> <span class='ocrx_word' id='word_1_149' title='bbox 1023 3657 1172 3716; x_wconf 87' lang='lat' dir='ltr'>filius</span> <span class='ocrx_word' id='word_1_150' title='bbox 1201 3657 1280 3718; x_wconf 92' lang='lat' dir='ltr'>ho</span> 
     </span>
     <span class='ocr_line' id='line_1_41' title="bbox 592 3749 1122 3810; baseline 0.008 -5"><span class='ocrx_word' id='word_1_151' title='bbox 592 3749 768 3808; x_wconf 87' lang='lat' dir='ltr'>minis</span> <span class='ocrx_word' id='word_1_152' title='bbox 799 3750 1122 3810; x_wconf 90' lang='lat' dir='ltr'>secundum</span> 
     </span>
     <span class='ocr_line' id='line_1_42' title="bbox 588 3841 1171 3921; baseline 0.01 -23"><span class='ocrx_word' id='word_1_153' title='bbox 588 3841 749 3919; x_wconf 91' lang='lat' dir='ltr'>quod</span> <span class='ocrx_word' id='word_1_154' title='bbox 778 3844 1057 3921; x_wconf 90' lang='lat' dir='ltr'>scriptum</span> <span class='ocrx_word' id='word_1_155' title='bbox 1084 3854 1171 3904; x_wconf 88' lang='lat' dir='ltr'>est</span> 
     </span>
     <span class='ocr_line' id='line_1_43' title="bbox 585 3934 1056 3996; baseline 0.011 -5"><span class='ocrx_word' id='word_1_156' title='bbox 585 3934 744 3992; x_wconf 90' lang='lat' dir='ltr'>uadit</span> <span class='ocrx_word' id='word_1_157' title='bbox 767 3966 781 3982; x_wconf 91' lang='lat'><strong>·</strong></span> <span class='ocrx_word' id='word_1_158' title='bbox 850 3954 1056 3996; x_wconf 91' lang='lat' dir='ltr'>uerum</span> 
     </span>
    </p>

    <p class='ocr_par' dir='ltr' id='par_1_15' title="bbox 586 4030 1029 4088">
     <span class='ocr_line' id='line_1_44' title="bbox 586 4030 1029 4088; baseline 0.007 -3"><span class='ocrx_word' id='word_1_159' title='bbox 586 4036 785 4087; x_wconf 90' lang='lat' dir='ltr'>tamen</span> <span class='ocrx_word' id='word_1_160' title='bbox 812 4047 923 4088; x_wconf 89' lang='lat' dir='ltr'>uae</span> <span class='ocrx_word' id='word_1_161' title='bbox 952 4030 1029 4088; x_wconf 88' lang='lat' dir='ltr'>illi</span> 
     </span>
    </p>

    <p class='ocr_par' dir='ltr' id='par_1_16' title="bbox 588 4119 943 4200">
     <span class='ocr_line' id='line_1_45' title="bbox 588 4119 943 4200; baseline 0.008 -21"><span class='ocrx_word' id='word_1_162' title='bbox 588 4119 808 4180; x_wconf 90' lang='lat' dir='ltr'>homini</span> <span class='ocrx_word' id='word_1_163' title='bbox 837 4142 943 4200; x_wconf 94' lang='lat' dir='ltr'>per</span> 
     </span>
    </p>

    <p class='ocr_par' dir='ltr' id='par_1_17' title="bbox 589 4218 1067 4290">
     <span class='ocr_line' id='line_1_46' title="bbox 589 4218 1067 4290; baseline 0.008 -18"><span class='ocrx_word' id='word_1_164' title='bbox 589 4231 765 4290; x_wconf 91' lang='lat' dir='ltr'>quem</span> <span class='ocrx_word' id='word_1_165' title='bbox 794 4218 1031 4276; x_wconf 88' lang='lat' dir='ltr'>traditur</span> <span class='ocrx_word' id='word_1_166' title='bbox 1053 4248 1067 4263; x_wconf 93' lang='lat'><strong>·</strong></span> 
     </span>
    </p>

    <p class='ocr_par' dir='ltr' id='par_1_18' title="bbox 588 4302 1294 4482">
     <span class='ocr_line' id='line_1_47' title="bbox 588 4302 1294 4388; baseline 0.001 -21"><span class='ocrx_word' id='word_1_167' title='bbox 588 4302 630 4338; x_wconf 46' lang='grc' dir='ltr'>’Β</span> <span class='ocrx_word' id='word_1_168' title='bbox 645 4306 721 4368; x_wconf 89' lang='lat' dir='ltr'>Et</span> <span class='ocrx_word' id='word_1_169' title='bbox 743 4310 854 4387; x_wconf 91' lang='lat' dir='ltr'>ipsi</span> <span class='ocrx_word' id='word_1_170' title='bbox 872 4310 1294 4388; x_wconf 81' lang='lat' dir='ltr'>conquirebant</span> 
     </span>
     <span class='ocr_line' id='line_1_48' title="bbox 588 4398 1163 4482; baseline 0.009 -24"><span class='ocrx_word' id='word_1_171' title='bbox 588 4398 732 4462; x_wconf 89' lang='lat' dir='ltr'>inter</span> <span class='ocrx_word' id='word_1_172' title='bbox 758 4422 822 4464; x_wconf 92' lang='lat' dir='ltr'>se</span> <span class='ocrx_word' id='word_1_173' title='bbox 852 4405 983 4482; x_wconf 90' lang='lat' dir='ltr'>quis</span> <span class='ocrx_word' id='word_1_174' title='bbox 1008 4413 1163 4463; x_wconf 89' lang='lat' dir='ltr'>esset</span> 
     </span>
    </p>
   </div>
   <div class='ocr_carea' id='block_1_10' title="bbox 1350 986 2049 2469">
    <p class='ocr_par' dir='ltr' id='par_1_19' title="bbox 1364 986 1928 1233">
     <span class='ocr_line' id='line_1_49' title="bbox 1365 986 1928 1062; baseline 0.002 -18"><span class='ocrx_word' id='word_1_175' title='bbox 1365 986 1490 1062; x_wconf 92' lang='lat' dir='ltr'>ipse</span> <span class='ocrx_word' id='word_1_176' title='bbox 1521 986 1662 1045; x_wconf 85' lang='lat' dir='ltr'>dixit</span> <span class='ocrx_word' id='word_1_177' title='bbox 1690 988 1774 1046; x_wconf 92' lang='lat' dir='ltr'>eis</span> <span class='ocrx_word' id='word_1_178' title='bbox 1792 1018 1806 1032; x_wconf 94' lang='lat'><strong>·</strong></span> <span class='ocrx_word' id='word_1_179' title='bbox 1867 1004 1928 1045; x_wconf 90' lang='lat' dir='ltr'>re</span> 
     </span>
     <span class='ocr_line' id='line_1_50' title="bbox 1364 1081 1757 1156; baseline 0.005 -19"><span class='ocrx_word' id='word_1_180' title='bbox 1364 1097 1467 1155; x_wconf 92' lang='lat' dir='ltr'>ges</span> <span class='ocrx_word' id='word_1_181' title='bbox 1494 1081 1757 1156; x_wconf 90' lang='lat' dir='ltr'>gentium</span> 
     </span>
     <span class='ocr_line' id='line_1_51' title="bbox 1366 1172 1839 1233; baseline 0.006 -3"><span class='ocrx_word' id='word_1_182' title='bbox 1366 1172 1737 1233; x_wconf 88' lang='lat' dir='ltr'>dominantur</span> <span class='ocrx_word' id='word_1_183' title='bbox 1765 1191 1839 1233; x_wconf 89' lang='lat' dir='ltr'>eo</span> 
     </span>
    </p>

    <p class='ocr_par' dir='ltr' id='par_1_20' title="bbox 1361 1270 1954 1421">
     <span class='ocr_line' id='line_1_52' title="bbox 1361 1270 1954 1345; baseline 0.005 -21"><span class='ocrx_word' id='word_1_184' title='bbox 1361 1285 1492 1324; x_wconf 91' lang='lat' dir='ltr'>rum</span> <span class='ocrx_word' id='word_1_185' title='bbox 1576 1277 1631 1326; x_wconf 94' lang='lat' dir='ltr'>et</span> <span class='ocrx_word' id='word_1_186' title='bbox 1659 1270 1758 1344; x_wconf 91' lang='lat' dir='ltr'>qui</span> <span class='ocrx_word' id='word_1_187' title='bbox 1787 1277 1954 1345; x_wconf 91' lang='lat' dir='ltr'>potes</span> 
     </span>
     <span class='ocr_line' id='line_1_53' title="bbox 1362 1370 1841 1421; baseline -0.002 -2"><span class='ocrx_word' id='word_1_188' title='bbox 1362 1371 1540 1419; x_wconf 89' lang='lat' dir='ltr'>tatem</span> <span class='ocrx_word' id='word_1_189' title='bbox 1570 1370 1841 1421; x_wconf 83' lang='lat' dir='ltr'>exercent</span> 
     </span>
    </p>

    <p class='ocr_par' dir='ltr' id='par_1_21' title="bbox 1356 1454 1999 2076">
     <span class='ocr_line' id='line_1_54' title="bbox 1363 1454 1849 1515; baseline 0.008 -4"><span class='ocrx_word' id='word_1_190' title='bbox 1363 1454 1423 1512; x_wconf 92' lang='lat' dir='ltr'>in</span> <span class='ocrx_word' id='word_1_191' title='bbox 1451 1455 1535 1512; x_wconf 92' lang='lat' dir='ltr'>eis</span> <span class='ocrx_word' id='word_1_192' title='bbox 1564 1455 1849 1515; x_wconf 85' lang='lat' dir='ltr'>beneficio</span> 
     </span>
     <span class='ocr_line' id='line_1_55' title="bbox 1361 1547 1908 1625; baseline 0.002 -19"><span class='ocrx_word' id='word_1_193' title='bbox 1361 1566 1492 1606; x_wconf 92' lang='lat' dir='ltr'>rum</span> <span class='ocrx_word' id='word_1_194' title='bbox 1520 1547 1820 1625; x_wconf 90' lang='lat' dir='ltr'>largitores</span> <span class='ocrx_word' id='word_1_195' title='bbox 1850 1548 1908 1607; x_wconf 94' lang='lat' dir='ltr'>di</span> 
     </span>
     <span class='ocr_line' id='line_1_56' title="bbox 1360 1639 1999 1702; baseline 0.005 -3"><span class='ocrx_word' id='word_1_196' title='bbox 1360 1652 1566 1700; x_wconf 89' lang='lat' dir='ltr'>cuntur</span> <span class='ocrx_word' id='word_1_197' title='bbox 1590 1673 1604 1688; x_wconf 92' lang='lat'><strong>·</strong></span> <span class='ocrx_word' id='word_1_198' title='bbox 1667 1639 1712 1675; x_wconf 75' lang='lat'>²⁸</span> <span class='ocrx_word' id='word_1_199' title='bbox 1730 1660 1837 1702; x_wconf 91' lang='lat' dir='ltr'>uos</span> <span class='ocrx_word' id='word_1_200' title='bbox 1867 1647 1999 1702; x_wconf 73' lang='lat' dir='ltr'>aute</span> 
     </span>
     <span class='ocr_line' id='line_1_57' title="bbox 1359 1736 1959 1813; baseline 0.005 -20"><span class='ocrx_word' id='word_1_201' title='bbox 1359 1753 1482 1793; x_wconf 89' lang='lat' dir='ltr'>non</span> <span class='ocrx_word' id='word_1_202' title='bbox 1510 1736 1587 1793; x_wconf 89' lang='lat' dir='ltr'>ita</span> <span class='ocrx_word' id='word_1_203' title='bbox 1611 1767 1624 1782; x_wconf 94' lang='lat'><strong>·</strong></span> <span class='ocrx_word' id='word_1_204' title='bbox 1647 1768 1661 1782; x_wconf 94' lang='lat'><strong>·</strong></span> <span class='ocrx_word' id='word_1_205' title='bbox 1728 1737 1831 1796; x_wconf 89' lang='lat' dir='ltr'>sed</span> <span class='ocrx_word' id='word_1_206' title='bbox 1858 1738 1959 1813; x_wconf 89' lang='lat' dir='ltr'>qui</span> 
     </span>
     <span class='ocr_line' id='line_1_58' title="bbox 1357 1829 1947 1890; baseline 0.003 -4"><span class='ocrx_word' id='word_1_207' title='bbox 1357 1829 1544 1888; x_wconf 90' lang='lat' dir='ltr'>maior</span> <span class='ocrx_word' id='word_1_208' title='bbox 1572 1839 1660 1889; x_wconf 90' lang='lat' dir='ltr'>est</span> <span class='ocrx_word' id='word_1_209' title='bbox 1689 1830 1748 1888; x_wconf 91' lang='lat' dir='ltr'>in</span> <span class='ocrx_word' id='word_1_210' title='bbox 1779 1832 1947 1890; x_wconf 92' lang='lat' dir='ltr'>uobis</span> 
     </span>
     <span class='ocr_line' id='line_1_59' title="bbox 1356 1922 1786 1984; baseline 0.007 -3"><span class='ocrx_word' id='word_1_211' title='bbox 1356 1922 1632 1983; x_wconf 87' lang='lat' dir='ltr'>efficiatur</span> <span class='ocrx_word' id='word_1_212' title='bbox 1660 1934 1722 1984; x_wconf 92' lang='lat' dir='ltr'>ut</span> <span class='ocrx_word' id='word_1_213' title='bbox 1750 1943 1786 1983; x_wconf 93' lang='lat' dir='ltr'>a</span> 
     </span>
     <span class='ocr_line' id='line_1_60' title="bbox 1356 2015 1764 2076; baseline 0.007 -3"><span class='ocrx_word' id='word_1_214' title='bbox 1356 2015 1728 2076; x_wconf 91' lang='lat' dir='ltr'>duliscentior</span> <span class='ocrx_word' id='word_1_215' title='bbox 1750 2049 1764 2064; x_wconf 92' lang='lat'><strong>·</strong></span> 
     </span>
    </p>

    <p class='ocr_par' dir='ltr' id='par_1_22' title="bbox 1350 2111 2049 2469">
     <span class='ocr_line' id='line_1_61' title="bbox 1356 2111 1928 2188; baseline 0.005 -20"><span class='ocrx_word' id='word_1_216' title='bbox 1356 2120 1413 2169; x_wconf 89' lang='lat' dir='ltr'>et</span> <span class='ocrx_word' id='word_1_217' title='bbox 1441 2111 1540 2187; x_wconf 90' lang='lat' dir='ltr'>qui</span> <span class='ocrx_word' id='word_1_218' title='bbox 1572 2121 1762 2188; x_wconf 86' lang='lat' dir='ltr'>preest</span> <span class='ocrx_word' id='word_1_219' title='bbox 1786 2143 1800 2158; x_wconf 89' lang='lat'><strong>·</strong></span> <span class='ocrx_word' id='word_1_220' title='bbox 1865 2121 1928 2171; x_wconf 94' lang='lat' dir='ltr'>ut</span> 
     </span>
     <span class='ocr_line' id='line_1_62' title="bbox 1350 2205 1863 2281; baseline 0.008 -20"><span class='ocrx_word' id='word_1_221' title='bbox 1350 2205 1450 2281; x_wconf 90' lang='lat' dir='ltr'>qui</span> <span class='ocrx_word' id='word_1_222' title='bbox 1478 2206 1759 2264; x_wconf 89' lang='lat' dir='ltr'>ministrat</span> <span class='ocrx_word' id='word_1_223' title='bbox 1780 2238 1863 2249; x_wconf 92' lang='lat'>—-</span> 
     </span>
     <span class='ocr_line' id='line_1_63' title="bbox 1350 2294 2049 2370; baseline 0.007 -16"><span class='ocrx_word' id='word_1_224' title='bbox 1350 2294 1545 2370; x_wconf 73' lang='lat' dir='ltr'>¹&#39;⁸&#39;Quis</span> <span class='ocrx_word' id='word_1_225' title='bbox 1562 2298 1719 2357; x_wconf 91' lang='lat' dir='ltr'>enirn</span> <span class='ocrx_word' id='word_1_226' title='bbox 1736 2298 1921 2358; x_wconf 91' lang='lat' dir='ltr'>maior</span> <span class='ocrx_word' id='word_1_227' title='bbox 1937 2309 2023 2359; x_wconf 93' lang='lat' dir='ltr'>est</span> <span class='ocrx_word' id='word_1_228' title='bbox 2036 2333 2049 2346; x_wconf 93' lang='lat'><strong>·</strong></span> 
     </span>
     <span class='ocr_line' id='line_1_64' title="bbox 1353 2392 1971 2469; baseline 0.003 -20"><span class='ocrx_word' id='word_1_229' title='bbox 1353 2392 1452 2469; x_wconf 89' lang='lat' dir='ltr'>qui</span> <span class='ocrx_word' id='word_1_230' title='bbox 1479 2393 1762 2450; x_wconf 91' lang='lat' dir='ltr'>recumbit</span> <span class='ocrx_word' id='word_1_231' title='bbox 1786 2423 1800 2438; x_wconf 92' lang='lat'><strong>·</strong></span> <span class='ocrx_word' id='word_1_232' title='bbox 1873 2402 1971 2451; x_wconf 88' lang='lat' dir='ltr'>aut</span> 
     </span>
    </p>
   </div>
   <div class='ocr_carea' id='block_1_11' title="bbox 1342 2524 2052 4475">
    <p class='ocr_par' dir='ltr' id='par_1_23' title="bbox 1349 2524 2052 2865">
     <span class='ocr_line' id='line_1_65' title="bbox 1352 2524 1985 2600; baseline 0.006 -19"><span class='ocrx_word' id='word_1_233' title='bbox 1352 2524 1453 2600; x_wconf 93' lang='lat' dir='ltr'>qui</span> <span class='ocrx_word' id='word_1_234' title='bbox 1481 2525 1766 2584; x_wconf 86' lang='lat' dir='ltr'>ministrat</span> <span class='ocrx_word' id='word_1_235' title='bbox 1785 2556 1799 2571; x_wconf 92' lang='lat'><strong>·</strong></span> <span class='ocrx_word' id='word_1_236' title='bbox 1864 2544 1985 2586; x_wconf 90' lang='lat' dir='ltr'>non</span> 
     </span>
     <span class='ocr_line' id='line_1_66' title="bbox 1351 2618 1907 2695; baseline 0.004 -20"><span class='ocrx_word' id='word_1_237' title='bbox 1351 2635 1427 2677; x_wconf 91' lang='lat' dir='ltr'>ne</span> <span class='ocrx_word' id='word_1_238' title='bbox 1456 2618 1556 2695; x_wconf 90' lang='lat' dir='ltr'>qui</span> <span class='ocrx_word' id='word_1_239' title='bbox 1584 2620 1869 2677; x_wconf 92' lang='lat' dir='ltr'>recumbit</span> <span class='ocrx_word' id='word_1_240' title='bbox 1894 2651 1907 2666; x_wconf 93' lang='lat'><strong>·</strong></span> 
     </span>
     <span class='ocr_line' id='line_1_67' title="bbox 1349 2709 2052 2788; baseline 0.006 -19"><span class='ocrx_word' id='word_1_241' title='bbox 1349 2709 1484 2788; x_wconf 90' lang='lat' dir='ltr'>Ego</span> <span class='ocrx_word' id='word_1_242' title='bbox 1512 2721 1708 2770; x_wconf 91' lang='lat' dir='ltr'>autern</span> <span class='ocrx_word' id='word_1_243' title='bbox 1730 2730 1859 2771; x_wconf 90' lang='lat' dir='ltr'>sum</span> <span class='ocrx_word' id='word_1_244' title='bbox 1882 2714 1940 2771; x_wconf 90' lang='lat' dir='ltr'>in</span> <span class='ocrx_word' id='word_1_245' title='bbox 1958 2732 2052 2773; x_wconf 91' lang='lat' dir='ltr'>me</span> 
     </span>
     <span class='ocr_line' id='line_1_68' title="bbox 1354 2805 1916 2865; baseline 0.004 -3"><span class='ocrx_word' id='word_1_246' title='bbox 1354 2805 1451 2863; x_wconf 95' lang='lat' dir='ltr'>dio</span> <span class='ocrx_word' id='word_1_247' title='bbox 1480 2816 1739 2863; x_wconf 90' lang='lat' dir='ltr'>uestrum</span> <span class='ocrx_word' id='word_1_248' title='bbox 1770 2807 1916 2865; x_wconf 91' lang='lat' dir='ltr'>sicut</span> 
     </span>
    </p>

    <p class='ocr_par' dir='ltr' id='par_1_24' title="bbox 1349 2899 1804 2974">
     <span class='ocr_line' id='line_1_69' title="bbox 1349 2899 1804 2974; baseline 0.009 -19"><span class='ocrx_word' id='word_1_249' title='bbox 1349 2899 1450 2974; x_wconf 91' lang='lat' dir='ltr'>qui</span> <span class='ocrx_word' id='word_1_250' title='bbox 1485 2900 1766 2959; x_wconf 89' lang='lat' dir='ltr'>ministrat</span> <span class='ocrx_word' id='word_1_251' title='bbox 1790 2932 1804 2945; x_wconf 91' lang='lat'><strong>·</strong></span> 
     </span>
    </p>

    <p class='ocr_par' dir='ltr' id='par_1_25' title="bbox 1348 2990 2049 3163">
     <span class='ocr_line' id='line_1_70' title="bbox 1349 2990 2049 3072; baseline 0 -21"><span class='ocrx_word' id='word_1_252' title='bbox 1349 2990 1391 3024; x_wconf 50' lang='grc' dir='ltr'>’Β</span> <span class='ocrx_word' id='word_1_253' title='bbox 1410 2991 1538 3052; x_wconf 90' lang='lat' dir='ltr'>Uos</span> <span class='ocrx_word' id='word_1_254' title='bbox 1567 3005 1760 3052; x_wconf 89' lang='lat' dir='ltr'>autem</span> <span class='ocrx_word' id='word_1_255' title='bbox 1789 2994 1924 3053; x_wconf 91' lang='lat' dir='ltr'>estis</span> <span class='ocrx_word' id='word_1_256' title='bbox 1952 2996 2049 3072; x_wconf 90' lang='lat' dir='ltr'>qui</span> 
     </span>
     <span class='ocr_line' id='line_1_71' title="bbox 1348 3087 1867 3163; baseline 0 -18"><span class='ocrx_word' id='word_1_257' title='bbox 1348 3087 1743 3163; x_wconf 87' lang='lat' dir='ltr'>permansistis</span> <span class='ocrx_word' id='word_1_258' title='bbox 1771 3105 1867 3145; x_wconf 92' lang='lat' dir='ltr'>me</span> 
     </span>
    </p>

    <p class='ocr_par' dir='ltr' id='par_1_26' title="bbox 1350 3180 2050 3539">
     <span class='ocr_line' id='line_1_72' title="bbox 1351 3180 1928 3239; baseline -0.002 0"><span class='ocrx_word' id='word_1_259' title='bbox 1351 3198 1487 3239; x_wconf 91' lang='lat' dir='ltr'>cum</span> <span class='ocrx_word' id='word_1_260' title='bbox 1516 3181 1574 3238; x_wconf 90' lang='lat' dir='ltr'>in</span> <span class='ocrx_word' id='word_1_261' title='bbox 1604 3180 1928 3239; x_wconf 89' lang='lat' dir='ltr'>temtationi</span> 
     </span>
     <span class='ocr_line' id='line_1_73' title="bbox 1350 3270 2050 3351; baseline 0 -19"><span class='ocrx_word' id='word_1_262' title='bbox 1350 3274 1460 3332; x_wconf 91' lang='lat' dir='ltr'>bus</span> <span class='ocrx_word' id='word_1_263' title='bbox 1483 3273 1627 3333; x_wconf 91' lang='lat' dir='ltr'>meis</span> <span class='ocrx_word' id='word_1_264' title='bbox 1652 3304 1666 3319; x_wconf 92' lang='lat'><strong>·</strong></span> <span class='ocrx_word' id='word_1_265' title='bbox 1689 3270 1814 3332; x_wconf 69' lang='lat' dir='ltr'>2⁹Et</span> <span class='ocrx_word' id='word_1_266' title='bbox 1831 3291 1943 3351; x_wconf 91' lang='lat' dir='ltr'>ego</span> <span class='ocrx_word' id='word_1_267' title='bbox 1962 3275 2050 3333; x_wconf 90' lang='lat' dir='ltr'>dis</span> 
     </span>
     <span class='ocr_line' id='line_1_74' title="bbox 1351 3368 1887 3445; baseline 0 -19"><span class='ocrx_word' id='word_1_268' title='bbox 1351 3386 1512 3445; x_wconf 93' lang='lat' dir='ltr'>pono</span> <span class='ocrx_word' id='word_1_269' title='bbox 1540 3368 1711 3427; x_wconf 91' lang='lat' dir='ltr'>uobis</span> <span class='ocrx_word' id='word_1_270' title='bbox 1739 3369 1887 3427; x_wconf 92' lang='lat' dir='ltr'>sicut</span> 
     </span>
     <span class='ocr_line' id='line_1_75' title="bbox 1352 3463 1945 3539; baseline -0.002 -18"><span class='ocrx_word' id='word_1_271' title='bbox 1352 3463 1634 3539; x_wconf 91' lang='lat' dir='ltr'>disposuit</span> <span class='ocrx_word' id='word_1_272' title='bbox 1662 3471 1823 3538; x_wconf 89' lang='lat' dir='ltr'>pater</span> <span class='ocrx_word' id='word_1_273' title='bbox 1850 3480 1945 3520; x_wconf 91' lang='lat' dir='ltr'>me</span> 
     </span>
    </p>

    <p class='ocr_par' dir='ltr' id='par_1_27' title="bbox 1345 3555 2047 4179">
     <span class='ocr_line' id='line_1_76' title="bbox 1347 3555 2047 3631; baseline 0.001 -17"><span class='ocrx_word' id='word_1_274' title='bbox 1347 3575 1417 3615; x_wconf 91' lang='lat' dir='ltr'>us</span> <span class='ocrx_word' id='word_1_275' title='bbox 1440 3572 1685 3631; x_wconf 90' lang='lat' dir='ltr'>regnum</span> <span class='ocrx_word' id='word_1_276' title='bbox 1705 3587 1718 3600; x_wconf 93' lang='lat'><strong>·</strong></span> <span class='ocrx_word' id='word_1_277' title='bbox 1762 3555 1808 3587; x_wconf 79' lang='lat'>³⁰</span> <span class='ocrx_word' id='word_1_278' title='bbox 1825 3565 1887 3614; x_wconf 92' lang='lat' dir='ltr'>ut</span> <span class='ocrx_word' id='word_1_279' title='bbox 1903 3556 2047 3615; x_wconf 87' lang='lat' dir='ltr'>aeda</span> 
     </span>
     <span class='ocr_line' id='line_1_77' title="bbox 1349 3648 1997 3708; baseline 0 0"><span class='ocrx_word' id='word_1_280' title='bbox 1349 3650 1422 3708; x_wconf 89' lang='lat' dir='ltr'>tis</span> <span class='ocrx_word' id='word_1_281' title='bbox 1451 3658 1507 3708; x_wconf 91' lang='lat' dir='ltr'>et</span> <span class='ocrx_word' id='word_1_282' title='bbox 1536 3648 1741 3708; x_wconf 89' lang='lat' dir='ltr'>bibatis</span> <span class='ocrx_word' id='word_1_283' title='bbox 1769 3649 1829 3707; x_wconf 92' lang='lat' dir='ltr'>in</span> <span class='ocrx_word' id='word_1_284' title='bbox 1850 3668 1997 3708; x_wconf 71' lang='lat' dir='ltr'>mea—</span> 
     </span>
     <span class='ocr_line' id='line_1_78' title="bbox 1347 3744 1883 3803; baseline -0.006 0"><span class='ocrx_word' id='word_1_285' title='bbox 1347 3762 1479 3803; x_wconf 90' lang='lat' dir='ltr'>mea</span> <span class='ocrx_word' id='word_1_286' title='bbox 1506 3761 1712 3801; x_wconf 88' lang='lat' dir='ltr'>mensa</span> <span class='ocrx_word' id='word_1_287' title='bbox 1738 3753 1796 3802; x_wconf 92' lang='lat' dir='ltr'>et</span> <span class='ocrx_word' id='word_1_288' title='bbox 1822 3744 1883 3801; x_wconf 92' lang='lat' dir='ltr'>in</span> 
     </span>
     <span class='ocr_line' id='line_1_79' title="bbox 1347 3836 2023 3914; baseline 0.001 -18"><span class='ocrx_word' id='word_1_289' title='bbox 1347 3856 1532 3914; x_wconf 87' lang='lat' dir='ltr'>regno</span> <span class='ocrx_word' id='word_1_290' title='bbox 1561 3854 1696 3896; x_wconf 92' lang='lat' dir='ltr'>meo</span> <span class='ocrx_word' id='word_1_291' title='bbox 1720 3867 1734 3881; x_wconf 95' lang='lat'><strong>·</strong></span> <span class='ocrx_word' id='word_1_292' title='bbox 1777 3836 1855 3894; x_wconf 89' lang='lat' dir='ltr'>Et</span> <span class='ocrx_word' id='word_1_293' title='bbox 1885 3837 2023 3897; x_wconf 90' lang='lat' dir='ltr'>sede</span> 
     </span>
     <span class='ocr_line' id='line_1_80' title="bbox 1345 3929 1909 3991; baseline -0.004 -1"><span class='ocrx_word' id='word_1_294' title='bbox 1345 3932 1478 3991; x_wconf 91' lang='lat' dir='ltr'>bitis</span> <span class='ocrx_word' id='word_1_295' title='bbox 1507 3931 1568 3988; x_wconf 92' lang='lat' dir='ltr'>in</span> <span class='ocrx_word' id='word_1_296' title='bbox 1596 3929 1909 3989; x_wconf 91' lang='lat' dir='ltr'>duodecim</span> 
     </span>
     <span class='ocr_line' id='line_1_81' title="bbox 1345 4023 1929 4084; baseline -0.002 0"><span class='ocrx_word' id='word_1_297' title='bbox 1345 4025 1581 4084; x_wconf 91' lang='lat' dir='ltr'>sedibus</span> <span class='ocrx_word' id='word_1_298' title='bbox 1610 4023 1929 4083; x_wconf 90' lang='lat' dir='ltr'>iudicantes</span> 
     </span>
     <span class='ocr_line' id='line_1_82' title="bbox 1346 4118 1865 4179; baseline -0.004 -1"><span class='ocrx_word' id='word_1_299' title='bbox 1346 4118 1656 4179; x_wconf 90' lang='lat' dir='ltr'>duodecim</span> <span class='ocrx_word' id='word_1_300' title='bbox 1686 4118 1865 4176; x_wconf 90' lang='lat' dir='ltr'>tribus</span> 
     </span>
    </p>

    <p class='ocr_par' dir='ltr' id='par_1_28' title="bbox 1342 4209 2016 4475">
     <span class='ocr_line' id='line_1_83' title="bbox 1344 4209 1954 4272; baseline -0.003 -1"><span class='ocrx_word' id='word_1_301' title='bbox 1344 4213 1416 4272; x_wconf 82' lang='lat' dir='ltr'>isl</span> <span class='ocrx_word' id='word_1_302' title='bbox 1437 4245 1452 4260; x_wconf 92' lang='lat'><strong>·</strong></span> <span class='ocrx_word' id='word_1_303' title='bbox 1477 4245 1489 4259; x_wconf 92' lang='lat'><strong>·</strong></span> <span class='ocrx_word' id='word_1_304' title='bbox 1514 4243 1528 4258; x_wconf 92' lang='lat'><strong>·</strong></span> <span class='ocrx_word' id='word_1_305' title='bbox 1567 4209 1610 4243; x_wconf 80' lang='lat'>³¹</span> <span class='ocrx_word' id='word_1_306' title='bbox 1628 4211 1728 4268; x_wconf 91' lang='lat' dir='ltr'>Ait</span> <span class='ocrx_word' id='word_1_307' title='bbox 1758 4221 1954 4269; x_wconf 88' lang='lat' dir='ltr'>autem</span> 
     </span>
     <span class='ocr_line' id='line_1_84' title="bbox 1344 4304 2016 4367; baseline -0.007 -1"><span class='ocrx_word' id='word_1_308' title='bbox 1344 4307 1456 4367; x_wconf 78' lang='lat' dir='ltr'>dfis</span> <span class='ocrx_word' id='word_1_309' title='bbox 1479 4338 1494 4353; x_wconf 92' lang='lat'><strong>·</strong></span> <span class='ocrx_word' id='word_1_310' title='bbox 1558 4306 1750 4364; x_wconf 88' lang='lat' dir='ltr'>simon</span> <span class='ocrx_word' id='word_1_311' title='bbox 1780 4304 2016 4362; x_wconf 90' lang='lat' dir='ltr'>simon-</span> 
     </span>
     <span class='ocr_line' id='line_1_85' title="bbox 1342 4397 1959 4475; baseline -0.008 -14"><span class='ocrx_word' id='word_1_312' title='bbox 1342 4419 1480 4462; x_wconf 87' lang='lat' dir='ltr'>ecce</span> <span class='ocrx_word' id='word_1_313' title='bbox 1509 4409 1738 4459; x_wconf 90' lang='lat' dir='ltr'>satanas</span> <span class='ocrx_word' id='word_1_314' title='bbox 1765 4397 1959 4475; x_wconf 87' lang='lat' dir='ltr'>expeti</span> 
     </span>
    </p>
   </div>
   <div class='ocr_carea' id='block_1_12' title="bbox 3511 356 3628 423">
    <p class='ocr_par' dir='ltr' id='par_1_29' title="bbox 3511 356 3628 423">
     <span class='ocr_line' id='line_1_86' title="bbox 3511 356 3628 423; baseline 0 -19"><span class='ocrx_word' id='word_1_315' title='bbox 3511 356 3628 423; x_wconf 92' lang='lat'>107</span> 
     </span>
    </p>
   </div>
   <div class='ocr_carea' id='block_1_13' title="bbox 2169 513 3513 781">
    <p class='ocr_par' dir='ltr' id='par_1_30' title="bbox 2169 513 3513 781">
     <span class='ocr_line' id='line_1_87' title="bbox 2169 513 3513 592; baseline 0.002 -18"><span class='ocrx_word' id='word_1_316' title='bbox 2169 517 2254 574; x_wconf 94' lang='lat' dir='ltr'>uit</span> <span class='ocrx_word' id='word_1_317' title='bbox 2281 525 2343 574; x_wconf 91' lang='lat' dir='ltr'>ut</span> <span class='ocrx_word' id='word_1_318' title='bbox 2370 533 2478 575; x_wconf 92' lang='lat' dir='ltr'>uos</span> <span class='ocrx_word' id='word_1_319' title='bbox 2505 514 2734 574; x_wconf 80' lang='lat' dir='ltr'>uentilet</span> <span class='ocrx_word' id='word_1_320' title='bbox 2762 514 2809 573; x_wconf 92' lang='lat' dir='ltr'>si</span> <span class='ocrx_word' id='word_1_321' title='bbox 2875 513 2909 554; x_wconf 81' lang='lat'>’¹‘</span> <span class='ocrx_word' id='word_1_322' title='bbox 2928 513 2972 549; x_wconf 75' lang='lat'>⁸⁹</span> <span class='ocrx_word' id='word_1_323' title='bbox 2993 513 3069 575; x_wconf 92' lang='lat' dir='ltr'>Et</span> <span class='ocrx_word' id='word_1_324' title='bbox 3096 534 3365 592; x_wconf 89' lang='lat' dir='ltr'>egressus</span> <span class='ocrx_word' id='word_1_325' title='bbox 3392 517 3513 577; x_wconf 91' lang='lat' dir='ltr'>ibat</span> 
     </span>
     <span class='ocr_line' id='line_1_88' title="bbox 2172 606 3398 686; baseline 0.003 -18"><span class='ocrx_word' id='word_1_326' title='bbox 2172 619 2269 668; x_wconf 94' lang='lat' dir='ltr'>cut</span> <span class='ocrx_word' id='word_1_327' title='bbox 2299 610 2543 668; x_wconf 90' lang='lat' dir='ltr'>triticum</span> <span class='ocrx_word' id='word_1_328' title='bbox 2570 641 2584 655; x_wconf 94' lang='lat'><strong>·</strong></span> <span class='ocrx_word' id='word_1_329' title='bbox 2648 606 2693 641; x_wconf 77' lang='lat'>⁸¹</span> <span class='ocrx_word' id='word_1_330' title='bbox 2712 628 2825 686; x_wconf 88' lang='lat' dir='ltr'>ego</span> <span class='ocrx_word' id='word_1_331' title='bbox 2877 609 2909 646; x_wconf 88' lang='lat'><strong>*</strong></span> <span class='ocrx_word' id='word_1_332' title='bbox 2929 610 3252 669; x_wconf 89' lang='lat' dir='ltr'>secundum</span> <span class='ocrx_word' id='word_1_333' title='bbox 3280 630 3398 671; x_wconf 91' lang='lat' dir='ltr'>con</span> 
     </span>
     <span class='ocr_line' id='line_1_89' title="bbox 2171 700 3470 781; baseline 0.003 -20"><span class='ocrx_word' id='word_1_334' title='bbox 2171 714 2368 762; x_wconf 89' lang='lat' dir='ltr'>autem</span> <span class='ocrx_word' id='word_1_335' title='bbox 2402 704 2602 781; x_wconf 90' lang='lat' dir='ltr'>rogaui</span> <span class='ocrx_word' id='word_1_336' title='bbox 2630 722 2738 780; x_wconf 92' lang='lat' dir='ltr'>pro</span> <span class='ocrx_word' id='word_1_337' title='bbox 2767 716 2822 763; x_wconf 90' lang='lat' dir='ltr'>te</span> <span class='ocrx_word' id='word_1_338' title='bbox 2876 700 2908 737; x_wconf 88' lang='lat'><strong>*</strong></span> <span class='ocrx_word' id='word_1_339' title='bbox 2930 704 3292 764; x_wconf 90' lang='lat' dir='ltr'>suetudinem</span> <span class='ocrx_word' id='word_1_340' title='bbox 3322 718 3470 765; x_wconf 75' lang='lat' dir='ltr'>sua-</span> 
     </span>
    </p>
   </div>
   <div class='ocr_carea' id='block_1_14' title="bbox 2169 796 2802 857">
    <p class='ocr_par' dir='ltr' id='par_1_31' title="bbox 2169 796 2802 857">
     <span class='ocr_line' id='line_1_90' title="bbox 2169 796 2802 857; baseline 0 -1"><span class='ocrx_word' id='word_1_341' title='bbox 2169 807 2234 856; x_wconf 89' lang='lat' dir='ltr'>ut</span> <span class='ocrx_word' id='word_1_342' title='bbox 2261 816 2380 857; x_wconf 92' lang='lat' dir='ltr'>non</span> <span class='ocrx_word' id='word_1_343' title='bbox 2410 797 2636 856; x_wconf 90' lang='lat' dir='ltr'>deficiat</span> <span class='ocrx_word' id='word_1_344' title='bbox 2668 796 2802 856; x_wconf 71' lang='lat' dir='ltr'>fides</span> 
     </span>
    </p>
   </div>
   <div class='ocr_carea' id='block_1_15' title="bbox 2876 793 3484 859">
    <p class='ocr_par' dir='ltr' id='par_1_32' title="bbox 2876 793 3484 859">
     <span class='ocr_line' id='line_1_91' title="bbox 2876 793 3484 859; baseline 0.012 -7"><span class='ocrx_word' id='word_1_345' title='bbox 2876 793 2989 853; x_wconf 87' lang='lat' dir='ltr'>*in</span> <span class='ocrx_word' id='word_1_346' title='bbox 3020 807 3222 857; x_wconf 91' lang='lat' dir='ltr'>monte</span> <span class='ocrx_word' id='word_1_347' title='bbox 3251 799 3444 859; x_wconf 87' lang='lat' dir='ltr'>oliueti</span> <span class='ocrx_word' id='word_1_348' title='bbox 3469 834 3484 847; x_wconf 94' lang='lat'><strong>·</strong></span> 
     </span>
    </p>
   </div>
   <div class='ocr_carea' id='block_1_16' title="bbox 2170 890 3431 967">
    <p class='ocr_par' dir='ltr' id='par_1_33' title="bbox 2170 890 3431 967">
     <span class='ocr_line' id='line_1_92' title="bbox 2170 890 3431 967; baseline 0.002 -17"><span class='ocrx_word' id='word_1_349' title='bbox 2170 900 2270 950; x_wconf 91' lang='lat' dir='ltr'>tua</span> <span class='ocrx_word' id='word_1_350' title='bbox 2295 922 2308 937; x_wconf 93' lang='lat'><strong>·</strong></span> <span class='ocrx_word' id='word_1_351' title='bbox 2369 890 2446 949; x_wconf 93' lang='lat' dir='ltr'>Et</span> <span class='ocrx_word' id='word_1_352' title='bbox 2475 902 2536 950; x_wconf 90' lang='lat' dir='ltr'>tu</span> <span class='ocrx_word' id='word_1_353' title='bbox 2564 891 2875 967; x_wconf 88' lang='lat' dir='ltr'>aliquando</span> <span class='ocrx_word' id='word_1_354' title='bbox 2928 892 3107 950; x_wconf 89' lang='lat' dir='ltr'>secuti</span> <span class='ocrx_word' id='word_1_355' title='bbox 3137 904 3272 951; x_wconf 88' lang='lat' dir='ltr'>sunt</span> <span class='ocrx_word' id='word_1_356' title='bbox 3300 900 3431 954; x_wconf 72' lang='lat' dir='ltr'>aute</span> 
     </span>
    </p>
   </div>
   <div class='ocr_carea' id='block_1_17' title="bbox 2166 984 2803 1249">
    <p class='ocr_par' dir='ltr' id='par_1_34' title="bbox 2166 984 2803 1249">
     <span class='ocr_line' id='line_1_93' title="bbox 2170 984 2683 1065; baseline 0 -22"><span class='ocrx_word' id='word_1_357' title='bbox 2170 985 2454 1065; x_wconf 86' lang='lat' dir='ltr'>confirma</span> <span class='ocrx_word' id='word_1_358' title='bbox 2482 984 2683 1044; x_wconf 88' lang='lat' dir='ltr'>fratres</span> 
     </span>
     <span class='ocr_line' id='line_1_94' title="bbox 2169 1078 2803 1155; baseline 0.003 -20"><span class='ocrx_word' id='word_1_359' title='bbox 2169 1086 2301 1137; x_wconf 91' lang='lat' dir='ltr'>tuos</span> <span class='ocrx_word' id='word_1_360' title='bbox 2322 1110 2336 1124; x_wconf 94' lang='lat'><strong>·</strong></span> <span class='ocrx_word' id='word_1_361' title='bbox 2395 1078 2472 1137; x_wconf 88' lang='lat' dir='ltr'>Et</span> <span class='ocrx_word' id='word_1_362' title='bbox 2500 1088 2699 1155; x_wconf 90' lang='lat' dir='ltr'>rogate</span> <span class='ocrx_word' id='word_1_363' title='bbox 2729 1096 2803 1137; x_wconf 91' lang='lat' dir='ltr'>ne</span> 
     </span>
     <span class='ocr_line' id='line_1_95' title="bbox 2166 1172 2772 1249; baseline 0.002 -20"><span class='ocrx_word' id='word_1_364' title='bbox 2166 1172 2386 1231; x_wconf 89' lang='lat' dir='ltr'>intretis</span> <span class='ocrx_word' id='word_1_365' title='bbox 2414 1173 2474 1231; x_wconf 91' lang='lat' dir='ltr'>in</span> <span class='ocrx_word' id='word_1_366' title='bbox 2510 1173 2772 1249; x_wconf 89' lang='lat' dir='ltr'>temptati</span> 
     </span>
    </p>
   </div>
   <div class='ocr_carea' id='block_1_18' title="bbox 2924 983 3556 1234">
    <p class='ocr_par' dir='ltr' id='par_1_35' title="bbox 2924 983 3556 1234">
     <span class='ocr_line' id='line_1_96' title="bbox 2925 983 3422 1064; baseline 0.014 -25"><span class='ocrx_word' id='word_1_367' title='bbox 2925 983 3085 1042; x_wconf 91' lang='lat' dir='ltr'>illum</span> <span class='ocrx_word' id='word_1_368' title='bbox 3115 994 3174 1044; x_wconf 92' lang='lat' dir='ltr'>et</span> <span class='ocrx_word' id='word_1_369' title='bbox 3201 986 3422 1064; x_wconf 89' lang='lat' dir='ltr'>discipu</span> 
     </span>
     <span class='ocr_line' id='line_1_97' title="bbox 2924 1075 3556 1159; baseline 0.016 -26"><span class='ocrx_word' id='word_1_370' title='bbox 2924 1075 2962 1134; x_wconf 93' lang='lat' dir='ltr'>li</span> <span class='ocrx_word' id='word_1_371' title='bbox 2987 1109 3001 1124; x_wconf 92' lang='lat'><strong>·</strong></span> <span class='ocrx_word' id='word_1_372' title='bbox 3065 1077 3112 1111; x_wconf 87' lang='lat'>⁴⁰</span> <span class='ocrx_word' id='word_1_373' title='bbox 3127 1090 3185 1137; x_wconf 93' lang='lat' dir='ltr'>et</span> <span class='ocrx_word' id='word_1_374' title='bbox 3213 1098 3348 1138; x_wconf 92' lang='lat' dir='ltr'>cum</span> <span class='ocrx_word' id='word_1_375' title='bbox 3376 1100 3556 1159; x_wconf 88' lang='lat' dir='ltr'>perue</span> 
     </span>
     <span class='ocr_line' id='line_1_98' title="bbox 2925 1170 3421 1234; baseline 0.014 -7"><span class='ocrx_word' id='word_1_376' title='bbox 2925 1170 3103 1230; x_wconf 90' lang='lat' dir='ltr'>nisset</span> <span class='ocrx_word' id='word_1_377' title='bbox 3136 1174 3196 1231; x_wconf 92' lang='lat' dir='ltr'>in</span> <span class='ocrx_word' id='word_1_378' title='bbox 3224 1173 3421 1234; x_wconf 93' lang='lat' dir='ltr'>locum</span> 
     </span>
    </p>
   </div>
   <div class='ocr_carea' id='block_1_19' title="bbox 2165 1264 3381 1327">
    <p class='ocr_par' dir='ltr' id='par_1_36' title="bbox 2165 1264 3381 1327">
     <span class='ocr_line' id='line_1_99' title="bbox 2165 1264 3381 1327; baseline 0.002 -3"><span class='ocrx_word' id='word_1_379' title='bbox 2165 1283 2343 1324; x_wconf 93' lang='lat' dir='ltr'>onem</span> <span class='ocrx_word' id='word_1_380' title='bbox 2364 1297 2376 1311; x_wconf 92' lang='lat'><strong>·</strong></span> <span class='ocrx_word' id='word_1_381' title='bbox 2404 1297 2418 1311; x_wconf 94' lang='lat'><strong>·</strong></span> <span class='ocrx_word' id='word_1_382' title='bbox 2446 1298 2458 1312; x_wconf 94' lang='lat'><strong>·</strong></span> <span class='ocrx_word' id='word_1_383' title='bbox 2485 1266 2706 1325; x_wconf 64' lang='lat' dir='ltr'>„Dixit</span> <span class='ocrx_word' id='word_1_384' title='bbox 2735 1272 2867 1326; x_wconf 73' lang='lat' dir='ltr'>aute</span> <span class='ocrx_word' id='word_1_385' title='bbox 2919 1264 3061 1323; x_wconf 81' lang='lat' dir='ltr'>dixit</span> <span class='ocrx_word' id='word_1_386' title='bbox 3086 1266 3192 1325; x_wconf 90' lang='lat' dir='ltr'>illis</span> <span class='ocrx_word' id='word_1_387' title='bbox 3220 1277 3381 1327; x_wconf 91' lang='lat' dir='ltr'>orate</span> 
     </span>
    </p>
   </div>
   <div class='ocr_carea' id='block_1_20' title="bbox 2162 1359 2823 1607">
    <p class='ocr_par' dir='ltr' id='par_1_37' title="bbox 2162 1359 2823 1607">
     <span class='ocr_line' id='line_1_100' title="bbox 2164 1359 2746 1435; baseline 0.005 -19"><span class='ocrx_word' id='word_1_388' title='bbox 2164 1359 2217 1416; x_wconf 89' lang='lat' dir='ltr'>ei</span> <span class='ocrx_word' id='word_1_389' title='bbox 2246 1369 2440 1435; x_wconf 90' lang='lat' dir='ltr'>petrus</span> <span class='ocrx_word' id='word_1_390' title='bbox 2470 1360 2583 1418; x_wconf 70' lang='lat' dir='ltr'>dne</span> <span class='ocrx_word' id='word_1_391' title='bbox 2613 1367 2746 1419; x_wconf 71' lang='lat' dir='ltr'>tecu</span> 
     </span>
     <span class='ocr_line' id='line_1_101' title="bbox 2162 1454 2731 1529; baseline 0.004 -19"><span class='ocrx_word' id='word_1_392' title='bbox 2162 1462 2396 1529; x_wconf 88' lang='lat' dir='ltr'>paratus</span> <span class='ocrx_word' id='word_1_393' title='bbox 2425 1472 2555 1513; x_wconf 91' lang='lat' dir='ltr'>sum</span> <span class='ocrx_word' id='word_1_394' title='bbox 2586 1464 2642 1512; x_wconf 94' lang='lat' dir='ltr'>et</span> <span class='ocrx_word' id='word_1_395' title='bbox 2670 1454 2731 1512; x_wconf 89' lang='lat' dir='ltr'>in</span> 
     </span>
     <span class='ocr_line' id='line_1_102' title="bbox 2164 1549 2823 1607; baseline 0.002 -2"><span class='ocrx_word' id='word_1_396' title='bbox 2164 1564 2399 1606; x_wconf 90' lang='lat' dir='ltr'>carcere</span> <span class='ocrx_word' id='word_1_397' title='bbox 2428 1559 2486 1606; x_wconf 92' lang='lat' dir='ltr'>et</span> <span class='ocrx_word' id='word_1_398' title='bbox 2514 1549 2574 1606; x_wconf 92' lang='lat' dir='ltr'>in</span> <span class='ocrx_word' id='word_1_399' title='bbox 2603 1557 2787 1607; x_wconf 92' lang='lat' dir='ltr'>morte</span> <span class='ocrx_word' id='word_1_400' title='bbox 2808 1580 2823 1594; x_wconf 90' lang='lat'><strong>·</strong></span> 
     </span>
    </p>
   </div>
   <div class='ocr_carea' id='block_1_21' title="bbox 2919 1358 3579 1610">
    <p class='ocr_par' dir='ltr' id='par_1_38' title="bbox 2919 1358 3579 1610">
     <span class='ocr_line' id='line_1_103' title="bbox 2920 1358 3476 1421; baseline 0.011 -6"><span class='ocrx_word' id='word_1_401' title='bbox 2920 1376 2995 1416; x_wconf 92' lang='lat' dir='ltr'>ne</span> <span class='ocrx_word' id='word_1_402' title='bbox 3023 1358 3241 1419; x_wconf 89' lang='lat' dir='ltr'>intretis</span> <span class='ocrx_word' id='word_1_403' title='bbox 3268 1362 3328 1419; x_wconf 92' lang='lat' dir='ltr'>in</span> <span class='ocrx_word' id='word_1_404' title='bbox 3357 1371 3476 1421; x_wconf 92' lang='lat' dir='ltr'>tem</span> 
     </span>
     <span class='ocr_line' id='line_1_104' title="bbox 2920 1453 3579 1536; baseline 0.011 -26"><span class='ocrx_word' id='word_1_405' title='bbox 2920 1453 3202 1512; x_wconf 87' lang='lat' dir='ltr'>tationem</span> <span class='ocrx_word' id='word_1_406' title='bbox 3224 1487 3237 1501; x_wconf 91' lang='lat'><strong>·</strong></span> <span class='ocrx_word' id='word_1_407' title='bbox 3262 1487 3276 1501; x_wconf 94' lang='lat'><strong>·</strong></span> <span class='ocrx_word' id='word_1_408' title='bbox 3302 1487 3316 1502; x_wconf 92' lang='lat'><strong>·</strong></span> <span class='ocrx_word' id='word_1_409' title='bbox 3369 1456 3412 1489; x_wconf 89' lang='lat'>⁴¹</span> <span class='ocrx_word' id='word_1_410' title='bbox 3432 1466 3490 1516; x_wconf 92' lang='lat' dir='ltr'>et</span> <span class='ocrx_word' id='word_1_411' title='bbox 3518 1458 3579 1536; x_wconf 92' lang='lat' dir='ltr'>ip</span> 
     </span>
     <span class='ocr_line' id='line_1_105' title="bbox 2919 1548 3472 1610; baseline 0.013 -7"><span class='ocrx_word' id='word_1_412' title='bbox 2919 1563 2981 1604; x_wconf 90' lang='lat' dir='ltr'>se</span> <span class='ocrx_word' id='word_1_413' title='bbox 3010 1548 3250 1608; x_wconf 90' lang='lat' dir='ltr'>auulsus</span> <span class='ocrx_word' id='word_1_414' title='bbox 3279 1560 3367 1608; x_wconf 90' lang='lat' dir='ltr'>est</span> <span class='ocrx_word' id='word_1_415' title='bbox 3395 1552 3472 1610; x_wconf 91' lang='lat' dir='ltr'>ab</span> 
     </span>
    </p>
   </div>
   <div class='ocr_carea' id='block_1_22' title="bbox 2162 1639 3459 1811">
    <p class='ocr_par' dir='ltr' id='par_1_39' title="bbox 2162 1639 3459 1811">
     <span class='ocr_line' id='line_1_106' title="bbox 2162 1639 3430 1716; baseline 0.004 -19"><span class='ocrx_word' id='word_1_416' title='bbox 2162 1639 2293 1699; x_wconf 83' lang='lat' dir='ltr'>⁸⁴Et</span> <span class='ocrx_word' id='word_1_417' title='bbox 2312 1640 2404 1699; x_wconf 93' lang='lat' dir='ltr'>ille</span> <span class='ocrx_word' id='word_1_418' title='bbox 2424 1641 2564 1700; x_wconf 86' lang='lat' dir='ltr'>dixit</span> <span class='ocrx_word' id='word_1_419' title='bbox 2620 1641 2750 1700; x_wconf 94' lang='lat' dir='ltr'>dico</span> <span class='ocrx_word' id='word_1_420' title='bbox 2768 1643 2866 1701; x_wconf 90' lang='lat' dir='ltr'>tibi</span> <span class='ocrx_word' id='word_1_421' title='bbox 2918 1639 3001 1699; x_wconf 91' lang='lat' dir='ltr'>eis</span> <span class='ocrx_word' id='word_1_422' title='bbox 3029 1652 3312 1716; x_wconf 87' lang='lat' dir='ltr'>quantum</span> <span class='ocrx_word' id='word_1_423' title='bbox 3341 1644 3430 1703; x_wconf 92' lang='lat' dir='ltr'>iac</span> 
     </span>
     <span class='ocr_line' id='line_1_107' title="bbox 2164 1734 3459 1811; baseline 0.004 -20"><span class='ocrx_word' id='word_1_424' title='bbox 2164 1744 2361 1809; x_wconf 88' lang='lat' dir='ltr'>petrae</span> <span class='ocrx_word' id='word_1_425' title='bbox 2385 1766 2399 1780; x_wconf 95' lang='lat'><strong>·</strong></span> <span class='ocrx_word' id='word_1_426' title='bbox 2462 1754 2583 1795; x_wconf 91' lang='lat' dir='ltr'>non</span> <span class='ocrx_word' id='word_1_427' title='bbox 2612 1738 2868 1796; x_wconf 88' lang='lat' dir='ltr'>cantabit</span> <span class='ocrx_word' id='word_1_428' title='bbox 2918 1742 3042 1791; x_wconf 92' lang='lat' dir='ltr'>tum</span> <span class='ocrx_word' id='word_1_429' title='bbox 3071 1734 3315 1811; x_wconf 89' lang='lat' dir='ltr'>lapidis·</span> <span class='ocrx_word' id='word_1_430' title='bbox 3378 1737 3459 1796; x_wconf 89' lang='lat' dir='ltr'>Et</span> 
     </span>
    </p>
   </div>
   <div class='ocr_carea' id='block_1_23' title="bbox 2156 1825 2845 2470">
    <p class='ocr_par' dir='ltr' id='par_1_40' title="bbox 2156 1825 2845 2470">
     <span class='ocr_line' id='line_1_108' title="bbox 2162 1825 2768 1904; baseline 0.008 -19"><span class='ocrx_word' id='word_1_431' title='bbox 2162 1825 2336 1887; x_wconf 89' lang='lat' dir='ltr'>hodie</span> <span class='ocrx_word' id='word_1_432' title='bbox 2364 1828 2550 1904; x_wconf 90' lang='lat' dir='ltr'>gallus</span> <span class='ocrx_word' id='word_1_433' title='bbox 2579 1829 2768 1890; x_wconf 91' lang='lat' dir='ltr'>donec</span> 
     </span>
     <span class='ocr_line' id='line_1_109' title="bbox 2163 1922 2735 1999; baseline 0.007 -20"><span class='ocrx_word' id='word_1_434' title='bbox 2163 1929 2248 1979; x_wconf 92' lang='lat' dir='ltr'>ter</span> <span class='ocrx_word' id='word_1_435' title='bbox 2277 1922 2533 1999; x_wconf 88' lang='lat' dir='ltr'>abneges</span> <span class='ocrx_word' id='word_1_436' title='bbox 2561 1942 2735 1983; x_wconf 91' lang='lat' dir='ltr'>nosse</span> 
     </span>
     <span class='ocr_line' id='line_1_110' title="bbox 2160 2015 2773 2077; baseline 0.005 -4"><span class='ocrx_word' id='word_1_437' title='bbox 2160 2033 2257 2074; x_wconf 90' lang='lat' dir='ltr'>me</span> <span class='ocrx_word' id='word_1_438' title='bbox 2283 2047 2298 2062; x_wconf 92' lang='lat'><strong>·</strong></span> <span class='ocrx_word' id='word_1_439' title='bbox 2361 2015 2490 2074; x_wconf 76' lang='lat' dir='ltr'>³⁵Et</span> <span class='ocrx_word' id='word_1_440' title='bbox 2518 2017 2663 2076; x_wconf 80' lang='lat' dir='ltr'>dixit</span> <span class='ocrx_word' id='word_1_441' title='bbox 2690 2018 2773 2077; x_wconf 90' lang='lat' dir='ltr'>eis</span> 
     </span>
     <span class='ocr_line' id='line_1_111' title="bbox 2159 2108 2845 2184; baseline 0.007 -18"><span class='ocrx_word' id='word_1_442' title='bbox 2159 2108 2398 2184; x_wconf 89' lang='lat' dir='ltr'>quando</span> <span class='ocrx_word' id='word_1_443' title='bbox 2429 2111 2556 2168; x_wconf 92' lang='lat' dir='ltr'>misi</span> <span class='ocrx_word' id='word_1_444' title='bbox 2586 2129 2692 2170; x_wconf 93' lang='lat' dir='ltr'>uos</span> <span class='ocrx_word' id='word_1_445' title='bbox 2722 2113 2845 2172; x_wconf 91' lang='lat' dir='ltr'>sine</span> 
     </span>
     <span class='ocr_line' id='line_1_112' title="bbox 2159 2202 2729 2281; baseline 0.007 -21"><span class='ocrx_word' id='word_1_446' title='bbox 2159 2202 2394 2261; x_wconf 90' lang='lat' dir='ltr'>sacculo</span> <span class='ocrx_word' id='word_1_447' title='bbox 2421 2214 2478 2262; x_wconf 94' lang='lat' dir='ltr'>et</span> <span class='ocrx_word' id='word_1_448' title='bbox 2505 2224 2644 2281; x_wconf 91' lang='lat' dir='ltr'>pera</span> <span class='ocrx_word' id='word_1_449' title='bbox 2670 2215 2729 2264; x_wconf 92' lang='lat' dir='ltr'>et</span> 
     </span>
     <span class='ocr_line' id='line_1_113' title="bbox 2156 2296 2742 2357; baseline 0.007 -4"><span class='ocrx_word' id='word_1_450' title='bbox 2156 2296 2538 2356; x_wconf 68' lang='lat' dir='ltr'>calciamentis</span> <span class='ocrx_word' id='word_1_451' title='bbox 2599 2317 2742 2357; x_wconf 92' lang='lat' dir='ltr'>num</span> 
     </span>
     <span class='ocr_line' id='line_1_114' title="bbox 2159 2390 2747 2470; baseline 0.01 -24"><span class='ocrx_word' id='word_1_452' title='bbox 2159 2390 2297 2468; x_wconf 95' lang='lat' dir='ltr'>quid</span> <span class='ocrx_word' id='word_1_453' title='bbox 2327 2390 2537 2470; x_wconf 92' lang='lat' dir='ltr'>aliquid</span> <span class='ocrx_word' id='word_1_454' title='bbox 2569 2392 2747 2453; x_wconf 86' lang='lat' dir='ltr'>defuit</span> 
     </span>
    </p>
   </div>
   <div class='ocr_carea' id='block_1_24' title="bbox 2148 2522 2850 4083">
    <p class='ocr_par' dir='ltr' id='par_1_41' title="bbox 2148 2522 2835 3632">
     <span class='ocr_line' id='line_1_115' title="bbox 2157 2522 2751 2585; baseline 0.007 -5"><span class='ocrx_word' id='word_1_455' title='bbox 2157 2522 2329 2582; x_wconf 89' lang='lat' dir='ltr'>uobis</span> <span class='ocrx_word' id='word_1_456' title='bbox 2356 2554 2370 2569; x_wconf 92' lang='lat'><strong>·</strong></span> <span class='ocrx_word' id='word_1_457' title='bbox 2428 2533 2488 2581; x_wconf 89' lang='lat' dir='ltr'>at</span> <span class='ocrx_word' id='word_1_458' title='bbox 2515 2524 2589 2582; x_wconf 93' lang='lat' dir='ltr'>illi</span> <span class='ocrx_word' id='word_1_459' title='bbox 2619 2524 2751 2585; x_wconf 87' lang='lat' dir='ltr'>dixe</span> 
     </span>
     <span class='ocr_line' id='line_1_116' title="bbox 2158 2616 2720 2678; baseline 0.011 -6"><span class='ocrx_word' id='word_1_460' title='bbox 2158 2625 2295 2673; x_wconf 90' lang='lat' dir='ltr'>runt</span> <span class='ocrx_word' id='word_1_461' title='bbox 2322 2616 2462 2675; x_wconf 91' lang='lat' dir='ltr'>nihil</span> <span class='ocrx_word' id='word_1_462' title='bbox 2523 2618 2566 2650; x_wconf 79' lang='lat'>³⁶</span> <span class='ocrx_word' id='word_1_463' title='bbox 2583 2619 2720 2678; x_wconf 92' lang='lat' dir='ltr'>dicit</span> 
     </span>
     <span class='ocr_line' id='line_1_117' title="bbox 2164 2711 2835 2785; baseline 0.01 -18"><span class='ocrx_word' id='word_1_464' title='bbox 2164 2727 2310 2785; x_wconf 90' lang='lat' dir='ltr'>ergo</span> <span class='ocrx_word' id='word_1_465' title='bbox 2339 2711 2422 2769; x_wconf 91' lang='lat' dir='ltr'>eis</span> <span class='ocrx_word' id='word_1_466' title='bbox 2445 2742 2460 2757; x_wconf 93' lang='lat'><strong>·</strong></span> <span class='ocrx_word' id='word_1_467' title='bbox 2529 2711 2648 2771; x_wconf 89' lang='lat' dir='ltr'>Sed</span> <span class='ocrx_word' id='word_1_468' title='bbox 2679 2732 2835 2775; x_wconf 90' lang='lat' dir='ltr'>nunc</span> 
     </span>
     <span class='ocr_line' id='line_1_118' title="bbox 2160 2803 2730 2879; baseline 0.014 -20"><span class='ocrx_word' id='word_1_469' title='bbox 2160 2804 2259 2879; x_wconf 92' lang='lat' dir='ltr'>qui</span> <span class='ocrx_word' id='word_1_470' title='bbox 2289 2803 2465 2863; x_wconf 88' lang='lat' dir='ltr'>habet</span> <span class='ocrx_word' id='word_1_471' title='bbox 2493 2807 2730 2867; x_wconf 76' lang='lat' dir='ltr'>saccult‘i</span> 
     </span>
     <span class='ocr_line' id='line_1_119' title="bbox 2159 2896 2790 2976; baseline 0.011 -23"><span class='ocrx_word' id='word_1_472' title='bbox 2159 2896 2319 2956; x_wconf 87' lang='lat' dir='ltr'>tollat</span> <span class='ocrx_word' id='word_1_473' title='bbox 2349 2899 2454 2955; x_wconf 90' lang='lat' dir='ltr'>sibi</span> <span class='ocrx_word' id='word_1_474' title='bbox 2485 2918 2689 2976; x_wconf 90' lang='lat' dir='ltr'>peram</span> <span class='ocrx_word' id='word_1_475' title='bbox 2706 2934 2790 2947; x_wconf 93' lang='lat'>—</span> 
     </span>
     <span class='ocr_line' id='line_1_120' title="bbox 2153 2992 2696 3068; baseline 0.013 -21"><span class='ocrx_word' id='word_1_476' title='bbox 2153 2999 2211 3048; x_wconf 92' lang='lat' dir='ltr'>et</span> <span class='ocrx_word' id='word_1_477' title='bbox 2239 2992 2337 3068; x_wconf 90' lang='lat' dir='ltr'>qui</span> <span class='ocrx_word' id='word_1_478' title='bbox 2367 3010 2489 3050; x_wconf 90' lang='lat' dir='ltr'>non</span> <span class='ocrx_word' id='word_1_479' title='bbox 2520 2993 2696 3054; x_wconf 90' lang='lat' dir='ltr'>habet</span> 
     </span>
     <span class='ocr_line' id='line_1_121' title="bbox 2152 3085 2660 3147; baseline 0.012 -6"><span class='ocrx_word' id='word_1_480' title='bbox 2152 3085 2372 3143; x_wconf 88' lang='lat' dir='ltr'>uendat</span> <span class='ocrx_word' id='word_1_481' title='bbox 2404 3088 2660 3147; x_wconf 90' lang='lat' dir='ltr'>tunicam</span> 
     </span>
     <span class='ocr_line' id='line_1_122' title="bbox 2153 3190 2592 3239; baseline 0.009 -4"><span class='ocrx_word' id='word_1_482' title='bbox 2153 3195 2321 3236; x_wconf 88' lang='lat' dir='ltr'>suam</span> <span class='ocrx_word' id='word_1_483' title='bbox 2350 3190 2408 3239; x_wconf 91' lang='lat' dir='ltr'>et</span> <span class='ocrx_word' id='word_1_484' title='bbox 2435 3190 2592 3239; x_wconf 90' lang='lat' dir='ltr'>emat</span> 
     </span>
     <span class='ocr_line' id='line_1_123' title="bbox 2152 3271 2710 3349; baseline 0.014 -21"><span class='ocrx_word' id='word_1_485' title='bbox 2152 3271 2412 3349; x_wconf 89' lang='lat' dir='ltr'>gladium</span> <span class='ocrx_word' id='word_1_486' title='bbox 2436 3305 2451 3320; x_wconf 91' lang='lat'><strong>·</strong></span> <span class='ocrx_word' id='word_1_487' title='bbox 2517 3275 2561 3309; x_wconf 81' lang='lat'>⁸⁷</span> <span class='ocrx_word' id='word_1_488' title='bbox 2577 3274 2710 3336; x_wconf 93' lang='lat' dir='ltr'>dico</span> 
     </span>
     <span class='ocr_line' id='line_1_124' title="bbox 2151 3367 2677 3447; baseline 0.006 -22"><span class='ocrx_word' id='word_1_489' title='bbox 2151 3367 2308 3425; x_wconf 90' lang='lat' dir='ltr'>enim</span> <span class='ocrx_word' id='word_1_490' title='bbox 2338 3368 2506 3427; x_wconf 92' lang='lat' dir='ltr'>uobis</span> <span class='ocrx_word' id='word_1_491' title='bbox 2533 3376 2677 3447; x_wconf 71' lang='lat' dir='ltr'>qum</span> 
     </span>
     <span class='ocr_line' id='line_1_125' title="bbox 2148 3460 2671 3541; baseline 0.011 -23"><span class='ocrx_word' id='word_1_492' title='bbox 2148 3460 2340 3519; x_wconf 89' lang='lat' dir='ltr'>adhuc</span> <span class='ocrx_word' id='word_1_493' title='bbox 2370 3461 2482 3522; x_wconf 91' lang='lat' dir='ltr'>hoc</span> <span class='ocrx_word' id='word_1_494' title='bbox 2512 3463 2671 3541; x_wconf 90' lang='lat' dir='ltr'>quod</span> 
     </span>
     <span class='ocr_line' id='line_1_126' title="bbox 2151 3556 2547 3632; baseline 0.005 -19"><span class='ocrx_word' id='word_1_495' title='bbox 2151 3556 2430 3632; x_wconf 90' lang='lat' dir='ltr'>scriptum</span> <span class='ocrx_word' id='word_1_496' title='bbox 2459 3572 2547 3615; x_wconf 90' lang='lat' dir='ltr'>est</span> 
     </span>
    </p>

    <p class='ocr_par' dir='ltr' id='par_1_42' title="bbox 2149 3649 2630 3726">
     <span class='ocr_line' id='line_1_127' title="bbox 2149 3649 2630 3726; baseline 0 -18"><span class='ocrx_word' id='word_1_497' title='bbox 2149 3660 2378 3725; x_wconf 91' lang='lat' dir='ltr'>oportet</span> <span class='ocrx_word' id='word_1_498' title='bbox 2407 3649 2630 3726; x_wconf 88' lang='lat' dir='ltr'>impleri</span> 
     </span>
    </p>

    <p class='ocr_par' dir='ltr' id='par_1_43' title="bbox 2148 3742 2850 4083">
     <span class='ocr_line' id='line_1_128' title="bbox 2150 3742 2765 3803; baseline 0.003 -3"><span class='ocrx_word' id='word_1_499' title='bbox 2150 3742 2210 3800; x_wconf 91' lang='lat' dir='ltr'>in</span> <span class='ocrx_word' id='word_1_500' title='bbox 2240 3761 2335 3802; x_wconf 90' lang='lat' dir='ltr'>me</span> <span class='ocrx_word' id='word_1_501' title='bbox 2356 3774 2370 3790; x_wconf 92' lang='lat'><strong>·</strong></span> <span class='ocrx_word' id='word_1_502' title='bbox 2435 3755 2493 3802; x_wconf 92' lang='lat' dir='ltr'>et</span> <span class='ocrx_word' id='word_1_503' title='bbox 2521 3762 2657 3802; x_wconf 91' lang='lat' dir='ltr'>cum</span> <span class='ocrx_word' id='word_1_504' title='bbox 2684 3745 2765 3803; x_wconf 91' lang='lat' dir='ltr'>ini</span> 
     </span>
     <span class='ocr_line' id='line_1_129' title="bbox 2149 3837 2780 3913; baseline 0.005 -19"><span class='ocrx_word' id='word_1_505' title='bbox 2149 3837 2282 3913; x_wconf 90' lang='lat' dir='ltr'>quis</span> <span class='ocrx_word' id='word_1_506' title='bbox 2312 3837 2620 3913; x_wconf 87' lang='lat' dir='ltr'>deputatus</span> <span class='ocrx_word' id='word_1_507' title='bbox 2654 3849 2780 3897; x_wconf 90' lang='lat' dir='ltr'>est·</span> 
     </span>
     <span class='ocr_line' id='line_1_130' title="bbox 2148 3930 2850 4009; baseline 0.006 -22"><span class='ocrx_word' id='word_1_508' title='bbox 2148 3948 2304 3990; x_wconf 90' lang='lat' dir='ltr'>nunc</span> <span class='ocrx_word' id='word_1_509' title='bbox 2326 3948 2474 4007; x_wconf 89' lang='lat' dir='ltr'>quae</span> <span class='ocrx_word' id='word_1_510' title='bbox 2497 3930 2568 3989; x_wconf 94' lang='lat' dir='ltr'>de</span> <span class='ocrx_word' id='word_1_511' title='bbox 2588 3949 2681 3989; x_wconf 91' lang='lat' dir='ltr'>me</span> <span class='ocrx_word' id='word_1_512' title='bbox 2700 3932 2850 4009; x_wconf 89' lang='lat' dir='ltr'>scrip</span> 
     </span>
     <span class='ocr_line' id='line_1_131' title="bbox 2149 4024 2689 4083; baseline 0.002 -1"><span class='ocrx_word' id='word_1_513' title='bbox 2149 4033 2207 4082; x_wconf 87' lang='lat' dir='ltr'>ta</span> <span class='ocrx_word' id='word_1_514' title='bbox 2237 4034 2370 4082; x_wconf 91' lang='lat' dir='ltr'>sunt</span> <span class='ocrx_word' id='word_1_515' title='bbox 2399 4025 2575 4082; x_wconf 90' lang='lat' dir='ltr'>finem</span> <span class='ocrx_word' id='word_1_516' title='bbox 2611 4024 2689 4083; x_wconf 85' lang='lat' dir='ltr'>ha</span> 
     </span>
    </p>
   </div>
   <div class='ocr_carea' id='block_1_25' title="bbox 2908 1828 3494 2450">
    <p class='ocr_par' dir='ltr' id='par_1_44' title="bbox 2908 1828 3467 2262">
     <span class='ocr_line' id='line_1_132' title="bbox 2917 1828 3399 1905; baseline 0.008 -20"><span class='ocrx_word' id='word_1_517' title='bbox 2917 1828 3119 1903; x_wconf 93' lang='lat' dir='ltr'>positis</span> <span class='ocrx_word' id='word_1_518' title='bbox 3152 1830 3399 1905; x_wconf 85' lang='lat' dir='ltr'>genibus</span> 
     </span>
     <span class='ocr_line' id='line_1_133' title="bbox 2914 1918 3461 1984; baseline 0.009 -5"><span class='ocrx_word' id='word_1_519' title='bbox 2914 1921 3120 1979; x_wconf 88' lang='lat' dir='ltr'>orabat</span> <span class='ocrx_word' id='word_1_520' title='bbox 3199 1918 3244 1954; x_wconf 82' lang='lat'>⁴&#39;</span> <span class='ocrx_word' id='word_1_521' title='bbox 3260 1922 3461 1984; x_wconf 88' lang='lat' dir='ltr'>dicens</span> 
     </span>
     <span class='ocr_line' id='line_1_134' title="bbox 2914 2012 3467 2077; baseline 0.011 -6"><span class='ocrx_word' id='word_1_522' title='bbox 2914 2012 3084 2072; x_wconf 92' lang='lat' dir='ltr'>Pater</span> <span class='ocrx_word' id='word_1_523' title='bbox 3114 2015 3161 2074; x_wconf 89' lang='lat' dir='ltr'>si</span> <span class='ocrx_word' id='word_1_524' title='bbox 3190 2016 3279 2075; x_wconf 90' lang='lat' dir='ltr'>uis</span> <span class='ocrx_word' id='word_1_525' title='bbox 3310 2028 3467 2077; x_wconf 89' lang='lat' dir='ltr'>trans</span> 
     </span>
     <span class='ocr_line' id='line_1_135' title="bbox 2913 2106 3453 2172; baseline 0.013 -8"><span class='ocrx_word' id='word_1_526' title='bbox 2913 2106 2998 2165; x_wconf 87' lang='lat' dir='ltr'>ser</span> <span class='ocrx_word' id='word_1_527' title='bbox 3026 2109 3266 2168; x_wconf 91' lang='lat' dir='ltr'>calicem</span> <span class='ocrx_word' id='word_1_528' title='bbox 3296 2110 3453 2172; x_wconf 90' lang='lat' dir='ltr'>hunc</span> 
     </span>
     <span class='ocr_line' id='line_1_136' title="bbox 2908 2218 3329 2262; baseline 0.012 -4"><span class='ocrx_word' id='word_1_529' title='bbox 2908 2218 2946 2259; x_wconf 93' lang='lat' dir='ltr'>a</span> <span class='ocrx_word' id='word_1_530' title='bbox 2972 2218 3069 2259; x_wconf 91' lang='lat' dir='ltr'>me</span> <span class='ocrx_word' id='word_1_531' title='bbox 3127 2220 3329 2262; x_wconf 92' lang='lat' dir='ltr'>uerum</span> 
     </span>
    </p>

    <p class='ocr_par' dir='ltr' id='par_1_45' title="bbox 2913 2298 3494 2450">
     <span class='ocr_line' id='line_1_137' title="bbox 2913 2298 3494 2359; baseline 0.014 -8"><span class='ocrx_word' id='word_1_532' title='bbox 2913 2312 3034 2352; x_wconf 90' lang='lat' dir='ltr'>non</span> <span class='ocrx_word' id='word_1_533' title='bbox 3065 2312 3197 2355; x_wconf 89' lang='lat' dir='ltr'>mea</span> <span class='ocrx_word' id='word_1_534' title='bbox 3223 2298 3494 2359; x_wconf 88' lang='lat' dir='ltr'>uoluntas</span> 
     </span>
     <span class='ocr_line' id='line_1_138' title="bbox 2913 2388 3342 2450; baseline 0.007 -4"><span class='ocrx_word' id='word_1_535' title='bbox 2913 2388 3015 2447; x_wconf 89' lang='lat' dir='ltr'>sed</span> <span class='ocrx_word' id='word_1_536' title='bbox 3043 2398 3142 2448; x_wconf 93' lang='lat' dir='ltr'>tua</span> <span class='ocrx_word' id='word_1_537' title='bbox 3168 2390 3268 2450; x_wconf 87' lang='lat' dir='ltr'>fiat</span> <span class='ocrx_word' id='word_1_538' title='bbox 3288 2423 3301 2438; x_wconf 93' lang='lat'><strong>·</strong></span> <span class='ocrx_word' id='word_1_539' title='bbox 3327 2423 3342 2439; x_wconf 91' lang='lat'><strong>·</strong></span> 
     </span>
    </p>
   </div>
   <div class='ocr_carea' id='block_1_26' title="bbox 2903 2520 3602 4097">
    <p class='ocr_par' dir='ltr' id='par_1_46' title="bbox 2907 2520 3602 3253">
     <span class='ocr_line' id='line_1_139' title="bbox 2913 2520 3602 2599; baseline 0.012 -20"><span class='ocrx_word' id='word_1_540' title='bbox 2913 2520 2956 2554; x_wconf 80' lang='lat'>⁴⁸</span> <span class='ocrx_word' id='word_1_541' title='bbox 2973 2524 3160 2599; x_wconf 89' lang='lat' dir='ltr'>paruit</span> <span class='ocrx_word' id='word_1_542' title='bbox 3188 2533 3385 2584; x_wconf 91' lang='lat' dir='ltr'>autem</span> <span class='ocrx_word' id='word_1_543' title='bbox 3415 2524 3493 2585; x_wconf 90' lang='lat' dir='ltr'>illi</span> <span class='ocrx_word' id='word_1_544' title='bbox 3524 2545 3602 2587; x_wconf 89' lang='lat' dir='ltr'>an</span> 
     </span>
     <span class='ocr_line' id='line_1_140' title="bbox 2910 2615 3485 2691; baseline 0.012 -20"><span class='ocrx_word' id='word_1_545' title='bbox 2910 2615 3076 2691; x_wconf 89' lang='lat' dir='ltr'>gelus</span> <span class='ocrx_word' id='word_1_546' title='bbox 3104 2616 3177 2675; x_wconf 93' lang='lat' dir='ltr'>de</span> <span class='ocrx_word' id='word_1_547' title='bbox 3206 2618 3335 2677; x_wconf 90' lang='lat' dir='ltr'>celo</span> <span class='ocrx_word' id='word_1_548' title='bbox 3367 2637 3485 2679; x_wconf 93' lang='lat' dir='ltr'>con</span> 
     </span>
     <span class='ocr_line' id='line_1_141' title="bbox 2914 2707 3502 2772; baseline 0.012 -7"><span class='ocrx_word' id='word_1_549' title='bbox 2914 2707 3133 2767; x_wconf 87' lang='lat' dir='ltr'>sortans</span> <span class='ocrx_word' id='word_1_550' title='bbox 3161 2710 3321 2770; x_wconf 92' lang='lat' dir='ltr'>illum</span> <span class='ocrx_word' id='word_1_551' title='bbox 3345 2743 3359 2759; x_wconf 93' lang='lat'><strong>·</strong></span> <span class='ocrx_word' id='word_1_552' title='bbox 3422 2712 3502 2772; x_wconf 90' lang='lat' dir='ltr'>Et</span> 
     </span>
     <span class='ocr_line' id='line_1_142' title="bbox 2912 2800 3539 2883; baseline 0.014 -25"><span class='ocrx_word' id='word_1_553' title='bbox 2912 2800 3097 2860; x_wconf 88' lang='lat' dir='ltr'>factus</span> <span class='ocrx_word' id='word_1_554' title='bbox 3122 2813 3209 2862; x_wconf 89' lang='lat' dir='ltr'>est</span> <span class='ocrx_word' id='word_1_555' title='bbox 3236 2805 3295 2863; x_wconf 93' lang='lat' dir='ltr'>in</span> <span class='ocrx_word' id='word_1_556' title='bbox 3324 2807 3539 2883; x_wconf 89' lang='lat' dir='ltr'>agonia</span> 
     </span>
     <span class='ocr_line' id='line_1_143' title="bbox 2911 2896 3535 2971; baseline 0.011 -19"><span class='ocrx_word' id='word_1_557' title='bbox 2911 2896 3189 2971; x_wconf 89' lang='lat' dir='ltr'>prolixius</span> <span class='ocrx_word' id='word_1_558' title='bbox 3219 2900 3423 2958; x_wconf 89' lang='lat' dir='ltr'>orabat</span> <span class='ocrx_word' id='word_1_559' title='bbox 3449 2933 3535 2946; x_wconf 91' lang='lat'>--</span> 
     </span>
     <span class='ocr_line' id='line_1_144' title="bbox 2909 2989 3571 3056; baseline 0.011 -10"><span class='ocrx_word' id='word_1_560' title='bbox 2909 2989 2954 3021; x_wconf 88' lang='lat'>⁴⁴</span> <span class='ocrx_word' id='word_1_561' title='bbox 2972 3000 3029 3047; x_wconf 90' lang='lat' dir='ltr'>et</span> <span class='ocrx_word' id='word_1_562' title='bbox 3058 2989 3243 3051; x_wconf 87' lang='lat' dir='ltr'>sactus</span> <span class='ocrx_word' id='word_1_563' title='bbox 3271 3003 3360 3052; x_wconf 89' lang='lat' dir='ltr'>est</span> <span class='ocrx_word' id='word_1_564' title='bbox 3389 2994 3571 3056; x_wconf 90' lang='lat' dir='ltr'>sudor</span> 
     </span>
     <span class='ocr_line' id='line_1_145' title="bbox 2907 3083 3430 3162; baseline 0.013 -22"><span class='ocrx_word' id='word_1_565' title='bbox 2907 3083 3030 3142; x_wconf 90' lang='lat' dir='ltr'>eius</span> <span class='ocrx_word' id='word_1_566' title='bbox 3059 3085 3205 3143; x_wconf 90' lang='lat' dir='ltr'>sicut</span> <span class='ocrx_word' id='word_1_567' title='bbox 3233 3095 3430 3162; x_wconf 88' lang='lat' dir='ltr'>guttae</span> 
     </span>
     <span class='ocr_line' id='line_1_146' title="bbox 2909 3178 3415 3253; baseline 0.01 -17"><span class='ocrx_word' id='word_1_568' title='bbox 2909 3178 3205 3253; x_wconf 87' lang='lat' dir='ltr'>sanguinis</span> <span class='ocrx_word' id='word_1_569' title='bbox 3235 3181 3415 3240; x_wconf 91' lang='lat' dir='ltr'>decur</span> 
     </span>
    </p>

    <p class='ocr_par' dir='ltr' id='par_1_47' title="bbox 2907 3273 3405 3333">
     <span class='ocr_line' id='line_1_147' title="bbox 2907 3273 3405 3333; baseline 0.012 -5"><span class='ocrx_word' id='word_1_570' title='bbox 2907 3289 3042 3329; x_wconf 91' lang='lat' dir='ltr'>rens</span> <span class='ocrx_word' id='word_1_571' title='bbox 3071 3273 3130 3331; x_wconf 91' lang='lat' dir='ltr'>in</span> <span class='ocrx_word' id='word_1_572' title='bbox 3159 3283 3372 3333; x_wconf 86' lang='lat' dir='ltr'>terram</span> <span class='ocrx_word' id='word_1_573' title='bbox 3391 3306 3405 3322; x_wconf 92' lang='lat'><strong>·</strong></span> 
     </span>
    </p>

    <p class='ocr_par' dir='ltr' id='par_1_48' title="bbox 2904 3361 3575 3632">
     <span class='ocr_line' id='line_1_148' title="bbox 2906 3361 3575 3430; baseline 0.012 -8"><span class='ocrx_word' id='word_1_574' title='bbox 2906 3361 2951 3397; x_wconf 82' lang='lat'>⁴⁵</span> <span class='ocrx_word' id='word_1_575' title='bbox 2967 3365 3043 3423; x_wconf 89' lang='lat' dir='ltr'>Et</span> <span class='ocrx_word' id='word_1_576' title='bbox 3071 3384 3208 3424; x_wconf 90' lang='lat' dir='ltr'>cum</span> <span class='ocrx_word' id='word_1_577' title='bbox 3236 3369 3575 3430; x_wconf 89' lang='lat' dir='ltr'>surrexisset</span> 
     </span>
     <span class='ocr_line' id='line_1_149' title="bbox 2904 3459 3456 3521; baseline 0.009 -5"><span class='ocrx_word' id='word_1_578' title='bbox 2904 3459 2982 3517; x_wconf 93' lang='lat' dir='ltr'>ab</span> <span class='ocrx_word' id='word_1_579' title='bbox 3011 3460 3271 3519; x_wconf 89' lang='lat' dir='ltr'>oratione</span> <span class='ocrx_word' id='word_1_580' title='bbox 3298 3471 3357 3519; x_wconf 93' lang='lat' dir='ltr'>et</span> <span class='ocrx_word' id='word_1_581' title='bbox 3381 3480 3456 3521; x_wconf 92' lang='lat' dir='ltr'>ue</span> 
     </span>
     <span class='ocr_line' id='line_1_150' title="bbox 2907 3552 3447 3632; baseline 0.009 -23"><span class='ocrx_word' id='word_1_582' title='bbox 2907 3552 3085 3610; x_wconf 91' lang='lat' dir='ltr'>nisset</span> <span class='ocrx_word' id='word_1_583' title='bbox 3114 3554 3189 3612; x_wconf 91' lang='lat' dir='ltr'>ad</span> <span class='ocrx_word' id='word_1_584' title='bbox 3218 3554 3447 3632; x_wconf 91' lang='lat' dir='ltr'>discipu</span> 
     </span>
    </p>

    <p class='ocr_par' dir='ltr' id='par_1_49' title="bbox 2904 3645 3539 3801">
     <span class='ocr_line' id='line_1_151' title="bbox 2904 3645 3539 3709; baseline 0.008 -5"><span class='ocrx_word' id='word_1_585' title='bbox 2904 3645 2993 3705; x_wconf 91' lang='lat' dir='ltr'>los</span> <span class='ocrx_word' id='word_1_586' title='bbox 3023 3664 3160 3705; x_wconf 90' lang='lat' dir='ltr'>suos</span> <span class='ocrx_word' id='word_1_587' title='bbox 3231 3658 3288 3705; x_wconf 91' lang='lat' dir='ltr'>et</span> <span class='ocrx_word' id='word_1_588' title='bbox 3316 3649 3539 3709; x_wconf 90' lang='lat' dir='ltr'>inuenit</span> 
     </span>
     <span class='ocr_line' id='line_1_152' title="bbox 2904 3738 3418 3801; baseline 0.012 -5"><span class='ocrx_word' id='word_1_589' title='bbox 2904 3738 3035 3798; x_wconf 90' lang='lat' dir='ltr'>illos</span> <span class='ocrx_word' id='word_1_590' title='bbox 3065 3740 3418 3801; x_wconf 88' lang='lat' dir='ltr'>dormientes</span> 
     </span>
    </p>

    <p class='ocr_par' dir='ltr' id='par_1_50' title="bbox 2903 3834 3578 4097">
     <span class='ocr_line' id='line_1_153' title="bbox 2903 3834 3532 3910; baseline 0.011 -20"><span class='ocrx_word' id='word_1_591' title='bbox 2903 3851 3004 3910; x_wconf 91' lang='lat' dir='ltr'>pre</span> <span class='ocrx_word' id='word_1_592' title='bbox 3028 3834 3246 3894; x_wconf 88' lang='lat' dir='ltr'>tristitia</span> <span class='ocrx_word' id='word_1_593' title='bbox 3307 3837 3352 3870; x_wconf 80' lang='lat'>⁴⁸</span> <span class='ocrx_word' id='word_1_594' title='bbox 3367 3846 3425 3896; x_wconf 91' lang='lat' dir='ltr'>et</span> <span class='ocrx_word' id='word_1_595' title='bbox 3453 3838 3532 3897; x_wconf 89' lang='lat' dir='ltr'>ait</span> 
     </span>
     <span class='ocr_line' id='line_1_154' title="bbox 2904 3927 3578 4005; baseline 0.012 -21"><span class='ocrx_word' id='word_1_596' title='bbox 2904 3927 3012 3985; x_wconf 90' lang='lat' dir='ltr'>illis</span> <span class='ocrx_word' id='word_1_597' title='bbox 3035 3958 3049 3974; x_wconf 92' lang='lat'><strong>·</strong></span> <span class='ocrx_word' id='word_1_598' title='bbox 3110 3930 3249 4005; x_wconf 90' lang='lat' dir='ltr'>quid</span> <span class='ocrx_word' id='word_1_599' title='bbox 3278 3930 3537 3993; x_wconf 84' lang='lat' dir='ltr'>dormitis</span> <span class='ocrx_word' id='word_1_600' title='bbox 3561 3965 3578 3981; x_wconf 89' lang='lat'><strong>·</strong></span> 
     </span>
     <span class='ocr_line' id='line_1_155' title="bbox 2905 4022 3393 4097; baseline 0.01 -19"><span class='ocrx_word' id='word_1_601' title='bbox 2905 4022 3117 4097; x_wconf 85' lang='lat' dir='ltr'>surgite</span> <span class='ocrx_word' id='word_1_602' title='bbox 3146 4033 3204 4081; x_wconf 93' lang='lat' dir='ltr'>et</span> <span class='ocrx_word' id='word_1_603' title='bbox 3232 4032 3393 4083; x_wconf 91' lang='lat' dir='ltr'>orate</span> 
     </span>
    </p>
   </div>
   <div class='ocr_carea' id='block_1_27' title="bbox 2148 4116 3488 4178">
    <p class='ocr_par' dir='ltr' id='par_1_51' title="bbox 2148 4116 3488 4178">
     <span class='ocr_line' id='line_1_156' title="bbox 2148 4116 3488 4178; baseline 0.001 -3"><span class='ocrx_word' id='word_1_604' title='bbox 2148 4117 2314 4175; x_wconf 84' lang='lat' dir='ltr'>bent-</span> <span class='ocrx_word' id='word_1_605' title='bbox 2359 4117 2472 4176; x_wconf 80' lang='lat' dir='ltr'>³⁸at</span> <span class='ocrx_word' id='word_1_606' title='bbox 2489 4116 2568 4175; x_wconf 92' lang='lat' dir='ltr'>illi</span> <span class='ocrx_word' id='word_1_607' title='bbox 2587 4120 2852 4178; x_wconf 89' lang='lat' dir='ltr'>dixerunt</span> <span class='ocrx_word' id='word_1_608' title='bbox 2902 4125 2965 4173; x_wconf 92' lang='lat' dir='ltr'>ut</span> <span class='ocrx_word' id='word_1_609' title='bbox 2994 4133 3068 4174; x_wconf 92' lang='lat' dir='ltr'>ne</span> <span class='ocrx_word' id='word_1_610' title='bbox 3097 4116 3316 4174; x_wconf 90' lang='lat' dir='ltr'>intretis</span> <span class='ocrx_word' id='word_1_611' title='bbox 3343 4117 3401 4176; x_wconf 91' lang='lat' dir='ltr'>in</span> <span class='ocrx_word' id='word_1_612' title='bbox 3431 4123 3488 4178; x_wconf 69' lang='lat' dir='ltr'>te</span> 
     </span>
    </p>
   </div>
   <div class='ocr_carea' id='block_1_28' title="bbox 2147 4210 2794 4383">
    <p class='ocr_par' dir='ltr' id='par_1_52' title="bbox 2147 4210 2794 4383">
     <span class='ocr_line' id='line_1_157' title="bbox 2148 4210 2794 4289; baseline 0.008 -22"><span class='ocrx_word' id='word_1_613' title='bbox 2148 4211 2199 4268; x_wconf 93' lang='lat' dir='ltr'>ei</span> <span class='ocrx_word' id='word_1_614' title='bbox 2230 4210 2343 4268; x_wconf 74' lang='lat' dir='ltr'>dne</span> <span class='ocrx_word' id='word_1_615' title='bbox 2367 4242 2382 4258; x_wconf 91' lang='lat'><strong>·</strong></span> <span class='ocrx_word' id='word_1_616' title='bbox 2447 4230 2586 4270; x_wconf 90' lang='lat' dir='ltr'>ecce</span> <span class='ocrx_word' id='word_1_617' title='bbox 2614 4213 2794 4289; x_wconf 87' lang='lat' dir='ltr'>gladii</span> 
     </span>
     <span class='ocr_line' id='line_1_158' title="bbox 2147 4303 2745 4383; baseline 0.005 -21"><span class='ocrx_word' id='word_1_618' title='bbox 2147 4303 2242 4363; x_wconf 89' lang='lat' dir='ltr'>hic</span> <span class='ocrx_word' id='word_1_619' title='bbox 2271 4305 2388 4364; x_wconf 93' lang='lat' dir='ltr'>duo</span> <span class='ocrx_word' id='word_1_620' title='bbox 2411 4336 2424 4351; x_wconf 93' lang='lat'><strong>·</strong></span> <span class='ocrx_word' id='word_1_621' title='bbox 2485 4308 2582 4383; x_wconf 90' lang='lat' dir='ltr'>qui</span> <span class='ocrx_word' id='word_1_622' title='bbox 2612 4311 2745 4366; x_wconf 69' lang='lat' dir='ltr'>aute</span> 
     </span>
    </p>
   </div>
   <div class='ocr_carea' id='block_1_29' title="bbox 2899 4211 3562 4381">
    <p class='ocr_par' dir='ltr' id='par_1_53' title="bbox 2899 4211 3562 4381">
     <span class='ocr_line' id='line_1_159' title="bbox 3303 4211 3562 4274; baseline 0.019 -5"><span class='ocrx_word' id='word_1_623' title='bbox 3303 4211 3562 4274; x_wconf 77' lang='lat' dir='ltr'>⁴⁷Adhuc</span> 
     </span>
     <span class='ocr_line' id='line_1_160' title="bbox 2899 4301 3459 4381; baseline 0.011 -22"><span class='ocrx_word' id='word_1_624' title='bbox 2899 4301 2996 4362; x_wconf 91' lang='lat' dir='ltr'>illo</span> <span class='ocrx_word' id='word_1_625' title='bbox 3024 4302 3294 4381; x_wconf 86' lang='lat' dir='ltr'>loquente</span> <span class='ocrx_word' id='word_1_626' title='bbox 3322 4322 3459 4365; x_wconf 89' lang='lat' dir='ltr'>ecce</span> 
     </span>
    </p>
   </div>
   <div class='ocr_carea' id='block_1_30' title="bbox 2902 4210 3210 4268">
    <p class='ocr_par' dir='ltr' id='par_1_54' title="bbox 2902 4210 3210 4268">
     <span class='ocr_line' id='line_1_161' title="bbox 2902 4210 3210 4268; baseline 0.003 -2"><span class='ocrx_word' id='word_1_627' title='bbox 2902 4210 3180 4268; x_wconf 90' lang='lat' dir='ltr'>tationem</span> <span class='ocrx_word' id='word_1_628' title='bbox 3195 4241 3210 4256; x_wconf 93' lang='lat'><strong>·</strong></span> 
     </span>
    </p>
   </div>
   <div class='ocr_carea' id='block_1_31' title="bbox 2147 4397 3607 4475">
    <p class='ocr_par' dir='ltr' id='par_1_55' title="bbox 2147 4397 3607 4475">
     <span class='ocr_line' id='line_1_162' title="bbox 2147 4397 3607 4475; baseline 0.003 -17"><span class='ocrx_word' id='word_1_629' title='bbox 2147 4399 2289 4458; x_wconf 86' lang='lat' dir='ltr'>dixit</span> <span class='ocrx_word' id='word_1_630' title='bbox 2316 4399 2397 4459; x_wconf 91' lang='lat' dir='ltr'>eis</span> <span class='ocrx_word' id='word_1_631' title='bbox 2426 4400 2561 4460; x_wconf 88' lang='lat' dir='ltr'>satis</span> <span class='ocrx_word' id='word_1_632' title='bbox 2583 4410 2669 4460; x_wconf 90' lang='lat' dir='ltr'>est</span> <span class='ocrx_word' id='word_1_633' title='bbox 2689 4431 2702 4447; x_wconf 92' lang='lat'><strong>·</strong></span> <span class='ocrx_word' id='word_1_634' title='bbox 2728 4432 2742 4447; x_wconf 91' lang='lat'><strong>·</strong></span> <span class='ocrx_word' id='word_1_635' title='bbox 2765 4427 2849 4453; x_wconf 50' lang='lat' dir='ltr'>a,</span> <span class='ocrx_word' id='word_1_636' title='bbox 2899 4397 3067 4456; x_wconf 88' lang='lat' dir='ltr'>turba</span> <span class='ocrx_word' id='word_1_637' title='bbox 3087 4427 3101 4443; x_wconf 92' lang='lat'><strong>·</strong></span> <span class='ocrx_word' id='word_1_638' title='bbox 3172 4408 3231 4457; x_wconf 91' lang='lat' dir='ltr'>et</span> <span class='ocrx_word' id='word_1_639' title='bbox 3257 4399 3359 4475; x_wconf 89' lang='lat' dir='ltr'>qui</span> <span class='ocrx_word' id='word_1_640' title='bbox 3387 4401 3607 4463; x_wconf 86' lang='lat' dir='ltr'>u0caba</span> 
     </span>
    </p>
   </div>
   <div class='ocr_carea' id='block_1_32' title="bbox 3177 4522 3274 4563">
    <p class='ocr_par' dir='ltr' id='par_1_56' title="bbox 3177 4522 3274 4563">
     <span class='ocr_line' id='line_1_163' title="bbox 3177 4522 3274 4563; baseline 0 0"><span class='ocrx_word' id='word_1_641' title='bbox 3177 4522 3274 4563; x_wconf 75' lang='lat'>1³2</span> 
     </span>
    </p>
   </div>
   <div class='ocr_carea' id='block_1_33' title="bbox 3655 521 3922 572">
    <p class='ocr_par' dir='ltr' id='par_1_57' title="bbox 3655 521 3922 572">
     <span class='ocr_line' id='line_1_164' title="bbox 3655 521 3922 572; baseline 0.011 -3"><span class='ocrx_word' id='word_1_642' title='bbox 3655 521 3776 570; x_wconf 71' lang='lat'><strong>1¹01.</strong></span> <span class='ocrx_word' id='word_1_643' title='bbox 3800 521 3922 572; x_wconf 74' lang='lat'>152.</span> 
     </span>
    </p>
   </div>
  </div>
 </body>
</html>
