4414 4917
628 369 769 419 xix.
793 369 1018 437 23-XX.
1042 364 1117 433 5.]

323 538 460 591 1¹01.
483 538 604 588 148.
629 554 690 596 re
718 554 840 595 non
870 535 1078 595 dedisti
1107 555 1181 613 pe

628 630 864 690 cuniam
892 647 1087 689 meam
1116 628 1192 687 ad

631 741 896 784 mensam
916 753 931 768 ·
996 741 1110 800 ego
1138 742 1212 782 ue

631 818 797 877 niens
824 836 961 877 cum
989 818 1175 875 usuris

630 914 827 989 utique
854 912 1156 988 exigisse-

631 1006 791 1065 illum
808 1038 823 1053 ·
895 1004 1034 1065 ”Et
1062 1005 1267 1065 adstan

632 1102 782 1160 tibus
811 1101 953 1161 dixit
970 1132 985 1148 ·
1049 1099 1210 1159 auser

632 1206 687 1254 te
715 1198 792 1255 ab
818 1195 916 1254 illo
954 1212 1157 1253 mnam

632 1300 690 1349 et
716 1290 849 1349 date
876 1287 954 1347 ssli
983 1290 1081 1366 qui
1110 1289 1279 1347 habet

632 1383 838 1443 decem
865 1401 1035 1442 mnas
1059 1414 1073 1429 ·
1134 1380 1181 1416 ¹⁶
1196 1392 1254 1443 et

634 1477 900 1538 dixerunt
925 1478 978 1537 ei
1060 1477 1176 1537 dfie

636 1572 808 1631 habet
836 1572 980 1632 dece
1017 1590 1189 1632 mnas
1214 1604 1228 1619 ·

635 1664 678 1701 ’⁸
694 1666 845 1726 Dico
874 1676 1068 1725 autem
1096 1667 1265 1726 uobis

637 1761 797 1819 omni
825 1760 1059 1819 habenti
1089 1760 1166 1819 da

637 1855 785 1912 bitur
808 1886 822 1901 ·
881 1856 957 1913 ab
984 1873 1057 1914 eo
1085 1859 1215 1913 aute

639 1948 737 2024 qui
764 1966 886 2007 non
914 1948 1092 2007 habet

638 2052 694 2101 et
721 2042 879 2119 quod
908 2042 1082 2102 habet
1112 2060 1187 2100 au

639 2135 843 2196 seretur
870 2138 947 2195 ab
973 2156 1046 2196 eo
1071 2169 1083 2183 ·
1110 2169 1123 2183 ·

639 2227 921 2290 ”Uerum
949 2241 1144 2289 tamen
1171 2231 1249 2288 ini

642 2308 824 2385 inicos
852 2343 1017 2384 meos
1048 2324 1174 2383 illos

643 2419 738 2496 qui
765 2418 1075 2479 noluerunt
1101 2436 1193 2478 me

642 2569 881 2628 regnare
910 2568 1084 2627 super
1114 2569 1176 2609 se

643 2646 906 2705 adducite
934 2644 1049 2705 huc
1078 2653 1135 2704 et
1160 2645 1221 2702 in

643 2740 874 2799 terficite
903 2749 1037 2798 ante
1067 2757 1163 2798 me
1189 2771 1202 2784 ·
1222 2771 1306 2782 -

643 2832 684 2867 ¹⁸
699 2845 757 2895 et
777 2835 866 2893 his
896 2833 1060 2894 dictis
1089 2832 1226 2891 abiit
1251 2832 1313 2891 in

646 2956 725 2979 m
749 2929 1135 3006 hierosolyma
1163 2954 1246 2980 ω

597 3022 627 3055 *
647 3020 689 3057 ²⁹
705 3022 780 3082 Et
806 3023 1023 3083 factum
1050 3031 1138 3082 est
1166 3021 1304 3081 dum

598 3117 627 3150 ⁸¹
648 3118 1042 3196 adpropiasset

600 3211 629 3244 '¹¹
650 3211 913 3288 bethfage
939 3221 997 3270 et
1023 3209 1200 3270 betha

646 3308 801 3366 niam
885 3305 961 3364 ad
988 3313 1241 3364 monte-

645 3400 742 3476 qui
770 3411 1012 3459 uocatur
1039 3398 1191 3458 oliue

646 3503 766 3554 tum
787 3527 800 3541 ·
873 3494 1026 3552 misit
1054 3493 1203 3552 duos

645 3586 959 3666 discipulos
1020 3587 1282 3647 ³⁰dicens

646 3683 716 3743 ite
745 3685 804 3742 in
837 3683 1137 3744 castellum

646 3779 804 3856 quod
831 3789 1037 3840 contra
1071 3795 1181 3837 uos

647 3883 730 3931 est
808 3874 870 3931 in
898 3891 1018 3950 quo
1046 3873 1197 3930 intro

648 3978 844 4026 euntes
926 3967 1157 4025 inuenie

646 4062 713 4120 tis
741 4061 963 4139 pullum
990 4062 1185 4119 asinae

647 4154 937 4233 alligatum
971 4156 1034 4214 in
1061 4172 1180 4233 quo

648 4267 819 4311 nemo
848 4250 995 4309 sedit
1018 4281 1031 4296 ·
1096 4249 1302 4308 soluite

644 4342 796 4404 illum
824 4355 883 4406 et
910 4343 1178 4403 adducite

645 4435 685 4470 ⁸¹
701 4449 755 4498 et
782 4440 831 4500 si
861 4439 991 4518 quis
1019 4456 1126 4498 uos
1154 4439 1302 4497 inter

1969 355 2318 416 LUCAN-

1385 534 1675 609 rogauerit
1703 544 1766 593 ut
1795 532 1936 612 quid

1384 627 1607 687 soluitis
1691 629 1772 688 sic
1802 629 1930 687 dice

1384 723 1457 781 tis
1539 723 1676 801 quia
1704 723 1814 782 dx'is
1842 741 1955 799 ope

1382 835 1508 875 ram
1537 819 1661 876 eius
1692 817 1889 877 deside

1383 922 1470 971 rat
1490 944 1503 958 ·
1527 944 1539 958 ·
1563 944 1576 957 ·
1624 909 1669 944 ⁸²
1689 912 1975 971 Abierunt

1383 1016 1576 1064 autem
1606 1006 1703 1082 qui
1733 1006 1894 1065 missi

1383 1108 1548 1159 erant
1577 1108 1634 1158 et
1660 1100 1871 1160 inuene

1383 1204 1517 1252 runt
1545 1195 1693 1253 sicut
1721 1194 1862 1254 dixit

1383 1289 1493 1347 illis
1521 1290 1610 1348 ihs
1640 1298 1891 1349 stantem

1382 1381 1426 1416 ⁸⁸
1445 1383 1814 1443 Soluentibus
1840 1389 1972 1443 aute

1385 1477 1492 1537 illis
1520 1478 1742 1556 pullum
1825 1478 1958 1538 dixe

1385 1583 1517 1632 runt
1546 1582 1738 1631 autem
1768 1573 1867 1632 dni

1386 1667 1510 1725 eius
1538 1667 1615 1725 ad
1644 1667 1772 1726 illos
1802 1667 1942 1745 quid

1386 1761 1605 1821 soluitis
1634 1761 1857 1837 pullum

1386 1854 1429 1887 ³⁴
1446 1865 1505 1913 at
1531 1854 1608 1912 illi
1639 1856 1907 1914 dixerunt

1387 1950 1524 2027 quia
1553 1950 1664 2008 diis
1693 1966 1936 2027 operam

1387 2046 1510 2103 eius
1538 2044 1825 2104 desiderat

1388 2138 1433 2173 ³⁸
1449 2138 1526 2198 Et
1552 2140 1841 2200 duxerunt
1870 2140 1970 2199 illu

1389 2234 1465 2294 ad
1493 2234 1613 2293 ihm
1638 2266 1652 2281 ·
1717 2246 1774 2294 et
1802 2237 1951 2295 iacta

1387 2340 1593 2388 uerunt
1621 2330 1907 2388 uestimen

1387 2432 1447 2483 ta
1476 2441 1580 2483 sua
1602 2442 1775 2502 super
1803 2424 1899 2484 illu

1390 2565 1448 2616 et
1473 2558 1851 2635 inposuerunt

1389 2652 1510 2709 ihm
1530 2683 1544 2698 ·
1605 2651 1858 2710 ³¹⁴⁵Eunte
1887 2655 2019 2709 aute

1389 2747 1488 2806 illo
1516 2748 1845 2806 substerne

1390 2841 1535 2898 bant
1560 2839 1901 2898 uestimenta

1394 2952 1499 2993 sua
1526 2933 1586 2991 in
1613 2933 1709 2992 uia
1731 2965 1745 2980 ·
1811 2934 1949 2992 ”Et
1976 2938 2051 2993 οῦ

1394 3028 1758 3105 adpropiaret
1783 3029 1900 3088 iam

1394 3122 1469 3182 ad
1499 3122 1847 3182 descensum

1394 3218 1609 3278 montis
1638 3218 1833 3276 oliueti
1858 3251 1869 3265 ·

1394 3321 1711 3388 coeperunt
1740 3330 1950 3371 omnes

1391 3408 1593 3465 turbae
1624 3406 1909 3483 discipulo

1393 3519 1518 3559 rum
1549 3499 1871 3577 gaudentes

1391 3593 1626 3655 laudare
1655 3596 1754 3654 (ἰῶ
1783 3615 1931 3656 uoce

1393 3708 1610 3766 magna
1692 3690 1766 3750 de
1795 3691 1959 3750 omni

1394 3785 1502 3843 bus
1531 3785 1742 3862 quibus
1770 3785 1902 3845 uide

1393 3888 1524 3937 runt
1548 3880 1852 3940 uirtutibus

1392 3973 1435 4006 ⁸⁸
1454 3973 1712 4033 dicentes
1736 4006 1749 4020 ·
1831 3974 1993 4035 Bene

1394 4068 1581 4127 dictus
1608 4070 1707 4146 qui
1735 4071 1895 4128 uenit

1395 4180 1495 4221 rex
1525 4163 1585 4221 in
1616 4165 1855 4223 nomine
1884 4164 1984 4223 dni

1394 4275 1511 4333 pax
1539 4258 1598 4315 in
1630 4257 1792 4317 caelo
1870 4268 1928 4317 et
1954 4258 2054 4335 glo

1392 4353 1476 4411 ria
1504 4354 1564 4412 in
1594 4352 1837 4412 excelsis

1587 4444 1736 4494 finem

1392 4538 1436 4572 ³⁰
1454 4537 1528 4595 Et
1558 4537 1795 4615 quidam
1822 4537 2026 4597 farisae

2189 551 2359 591 orum
2390 532 2462 592 de
2491 533 2661 591 turba

2190 628 2460 687 dixerunt
2489 627 2561 685 ad
2592 627 2754 686 illum
2773 657 2787 672 ·

2188 722 2463 798 magister
2543 723 2702 781 incre

2189 834 2270 892 pa
2297 816 2612 893 discipulos
2640 826 2763 877 tuos
2793 847 2808 863 ·

2187 909 2234 942 ⁴⁰
2252 910 2461 987 quibus
2490 912 2613 987 ipse
2641 911 2717 970 ait
2740 942 2754 957 ·
2782 944 2795 959 ·

2188 1003 2324 1063 dico
2351 1005 2518 1064 uobis
2547 1005 2686 1082 quia

2189 1098 2239 1157 si
2269 1097 2361 1156 isti
2390 1099 2670 1157 tacuerint

2185 1191 2410 1267 lapides
2439 1192 2775 1251 clamabunt

2186 1286 2231 1319 ⁴¹
2254 1286 2329 1345 Et
2355 1296 2418 1345 ut
2446 1287 2815 1364 adpropiauit

2188 1380 2396 1440 uidens
2424 1381 2704 1440 ciuitate-

2189 1475 2352 1534 fleuit
2378 1493 2551 1553 super
2577 1476 2674 1535 illa

2190 1569 2393 1629 dicens
2448 1571 2520 1628 ,⁴²
2539 1570 2674 1647 quia
2703 1571 2752 1630 si
2780 1587 2897 1646 cog

2190 1665 2458 1723 nouisses
2484 1675 2541 1724 et
2568 1675 2631 1724 tu
2652 1665 2714 1723 in

2192 1757 2285 1816 die
2314 1758 2425 1817 isto
2455 1776 2605 1835 quae
2634 1759 2709 1818 ad
2737 1777 2816 1836 pa

2191 1869 2324 1910 cem
2354 1852 2457 1911 tibi
2482 1884 2496 1898 ·
2564 1870 2720 1912 nunc
2750 1871 2825 1912 au

2190 1956 2310 2004 tem
2340 1947 2679 2006 abscondita

2191 2050 2328 2100 sunt
2356 2042 2432 2099 ab
2458 2042 2640 2101 oculis
2671 2052 2733 2100 tu

2189 2135 2241 2194 is
2264 2166 2279 2181 ·
2344 2133 2388 2167 ⁴³
2403 2136 2538 2212 quia
2566 2137 2800 2196 uenient

2195 2228 2316 2288 dies
2346 2230 2406 2287 in
2435 2239 2490 2288 te
2571 2241 2630 2289 et
2656 2234 2816 2291 circu

2193 2323 2415 2382 dabunt
2443 2334 2499 2383 te
2528 2325 2688 2384 inimi

2193 2418 2249 2478 ci
2279 2419 2359 2478 tui
2386 2419 2540 2480 uallo
2564 2452 2578 2468 ·
2638 2431 2696 2482 et
2724 2421 2806 2482 cir

2196 2551 2555 2610 cumdabunt
2583 2561 2640 2611 te
2668 2571 2750 2611 un

2197 2645 2371 2720 dique
2446 2646 2492 2678 ⁴⁴
2509 2656 2568 2704 et
2595 2646 2671 2706 ad
2704 2657 2904 2707 terra-

2197 2748 2565 2816 prosternent
2596 2751 2655 2800 te

2198 2842 2257 2891 et
2286 2832 2435 2892 filios
2465 2844 2596 2893 tuos
2626 2852 2742 2912 que

2197 2929 2260 2986 in
2290 2939 2344 2988 te
2373 2937 2507 2987 sunt
2586 2928 2664 2987 Et
2693 2947 2816 2989 non

2195 3023 2520 3101 relinquent
2546 3023 2663 3100 lapi

2196 3116 2331 3177 dem
2361 3135 2532 3194 supra
2560 3116 2751 3194 lapide

2197 3212 2258 3269 in
2288 3222 2342 3271 te
2365 3242 2380 3258 ·
2445 3211 2538 3270 Eo
2567 3212 2728 3288 quod
2758 3232 2880 3274 non

2195 3306 2548 3381 cognoueris
2576 3316 2695 3365 tem

2194 3419 2305 3477 pus
2333 3400 2677 3460 uisitationis

2195 3505 2329 3553 tuae
2353 3525 2367 3540 ·
2394 3526 2407 3540 ·
2432 3527 2444 3539 ·
2511 3495 2556 3527 ⁴⁵
2574 3494 2650 3552 Et
2678 3494 2871 3570 ingres

2197 3606 2298 3648 sus
2326 3589 2387 3647 in
2417 3588 2698 3665 templum

2197 3682 2391 3759 coepit
2420 3683 2606 3740 eicere
2634 3700 2751 3741 uen
2847 3725 2854 3731 ·

2199 3777 2404 3836 dentes
2432 3777 2492 3834 in
2520 3775 2618 3834 illo
2647 3786 2705 3835 et

2197 3882 2460 3930 ementes
2489 3880 2547 3929 et
2573 3888 2711 3929 rnen

2198 3983 2294 4024 sas
2322 3964 2719 4024 numularioru

2198 4060 2438 4117 euertit·
2498 4069 2555 4118 et
2581 4059 2751 4120 cathe

2198 4154 2331 4214 dras
2360 4153 2678 4213 uendentifl

2198 4249 2501 4308 columbas
2529 4248 2638 4306 sub

2197 4344 2368 4402 uertit
2450 4343 2494 4375 ⁴⁶
2510 4341 2712 4401 dicens

2197 4439 2282 4498 eis
2364 4438 2642 4513 scriptum
2671 4448 2760 4498 est

3524 371 3646 439 103

2946 532 3157 592 domus
3185 551 3320 592 mea
3383 532 3462 593 do

2945 644 3078 684 mus
3106 627 3384 687 orationis
3410 635 3497 687 est

2945 737 3053 779 uos
3081 731 3278 780 autem
3306 721 3447 781 fecis

2946 815 3018 873 tis
3047 833 3179 874 eam
3210 816 3417 893 spelun

2946 928 3078 969 cam
3108 910 3397 970 latronum
3423 942 3438 957 ·

2944 1004 2988 1037 ⁴⁷
3006 1002 3082 1063 Et
3110 1015 3232 1063 erat
3260 1004 3482 1064 docens
3513 1005 3574 1063 in

2945 1098 3166 1174 templo
3190 1130 3203 1143 ·
3231 1131 3244 1145 ·
3309 1101 3584 1177 princeps

2945 1203 3140 1250 autem
3162 1193 3406 1253 sacerdo

2946 1295 3070 1344 tum
3141 1298 3198 1346 et
3228 1289 3449 1348 scribae
3471 1322 3484 1335 ·

2946 1391 3004 1440 et
3031 1381 3379 1458 principales
3408 1383 3505 1460 ple

2947 1476 3035 1534 bis
3062 1478 3420 1553 quaerebant

2947 1568 3108 1627 illum
3138 1571 3378 1646 perdere

2946 1661 3080 1720 “Et
3108 1681 3233 1722 non
3263 1663 3642 1726 inueniebssnt

2949 1756 3091 1833 quid
3105 1756 3374 1818 .facerent
3401 1760 3440 1818 il

2947 1850 2987 1909 li
3012 1881 3026 1896 ·
3090 1853 3285 1912 omnis
3313 1855 3473 1914 enim

2949 1945 3201 2021 populus
3230 1966 3451 2025 suspen

2949 2057 3046 2098 sus
3074 2051 3197 2100 erat
3225 2044 3468 2103 audiens

2947 2133 3108 2192 illum
3133 2166 3147 2181 ·
3174 2165 3188 2181 ·
3214 2168 3228 2182 ·
3252 2142 3355 2196 20.
3380 2138 3479 2198 ¹Et
3498 2139 3654 2200 factu

2948 2239 3036 2287 est
3065 2229 3125 2286 in
3152 2248 3270 2289 una
3299 2231 3461 2291 dierfi

2952 2322 3198 2383 docente
3227 2325 3323 2385 illo
3354 2345 3517 2405 popu

2951 2416 3074 2478 lum
3103 2418 3160 2478 in
3189 2420 3410 2499 templo

2951 2561 3008 2611 et
3036 2553 3474 2628 euangelizante

2952 2659 3353 2706 conuenerunt
3383 2647 3515 2726 prin

2951 2739 3110 2816 cipes
3139 2744 3447 2803 sacerdotfl

2951 2844 3009 2892 et
3038 2837 3257 2898 scribae
3287 2857 3424 2898 cum
3455 2859 3521 2900 se

2953 2929 3207 2990 nior-ibus
3287 2931 3311 2964 ²
3330 2945 3388 2995 et
3419 2936 3554 2997 dixe

2952 3035 3088 3083 runt
3109 3027 3184 3084 ad
3210 3027 3370 3087 illum
3395 3062 3408 3076 ·

2952 3116 3045 3176 dic
3076 3122 3245 3180 nobis
3274 3122 3334 3181 in
3365 3143 3484 3201 quo

2952 3223 3236 3288 potestate
3265 3217 3408 3277 haec
3437 3219 3495 3278 fa

2951 3307 3036 3364 cis
3118 3321 3214 3368 aut
3243 3313 3372 3386 quis
3398 3324 3488 3373 est

2951 3401 3051 3477 qui
3082 3403 3239 3462 dedit
3266 3405 3370 3463 tibi
3399 3406 3552 3468 hanc

2949 3504 3290 3570 potestatem
3314 3529 3328 3544 ·

2855 3617 2866 3625 ·
2949 3587 2970 3619 ³
2990 3587 3383 3665 Respondeas
3412 3602 3546 3655 aute

2952 3681 3042 3740 ihs
3071 3683 3215 3743 dixit
3243 3686 3317 3744 ad
3344 3688 3472 3748 illos
3494 3722 3508 3737 ·

2953 3777 3323 3855 interrogabo
3351 3801 3461 3844 uos

2953 3881 3010 3930 et
3038 3891 3152 3948 ego
3180 3876 3423 3935 uerbum

2953 3967 3302 4042 respondete
3330 3973 3409 4028 mi

2957 4059 3015 4116 hi
3097 4061 3118 4092 ⁴
3138 4061 3489 4138 baptismum

2954 4153 3223 4215 iohannis
3305 4158 3376 4218 de
3406 4161 3533 4221 celo

2954 4259 3075 4307 erat
3159 4269 3232 4309 an
3260 4270 3333 4310 ex
3364 4253 3525 4314 homi

2954 4343 3127 4403 nibus
3147 4376 3160 4390 ·
3245 4345 3267 4378 ³
3285 4356 3342 4405 at
3372 4347 3449 4406 illi
3478 4368 3551 4410 co

2952 4437 3212 4512 gitabant
3241 4440 3387 4500 inter
3415 4459 3478 4501 se

3672 530 3796 578 l'ol.
3818 529 3942 576 144.
