<?xml version="1.0" encoding="UTF-8"?>
<!DOCTYPE html PUBLIC "-//W3C//DTD XHTML 1.0 Transitional//EN"
    "http://www.w3.org/TR/xhtml1/DTD/xhtml1-transitional.dtd">
<html xmlns="http://www.w3.org/1999/xhtml" xml:lang="en" lang="en">
 <head>
  <title>
</title>
<meta http-equiv="Content-Type" content="text/html;charset=utf-8" />
  <meta name='ocr-system' content='tesseract 3.04.00' />
  <meta name='ocr-capabilities' content='ocr_page ocr_carea ocr_par ocr_line ocrx_word'/>
</head>
<body>
  <div class='ocr_page' id='page_1' title='image "./oldlatinbiblica00wordgoog_0144.png"; bbox 0 0 4414 4917; ppageno 0'>
   <div class='ocr_carea' id='block_1_1' title="bbox 2195 320 3831 401">
    <p class='ocr_par' dir='ltr' id='par_1_1' title="bbox 2195 320 3831 401">
     <span class='ocr_line' id='line_1_1' title="bbox 2195 320 3831 401; baseline 0.003 -19"><span class='ocrx_word' id='word_1_1' title='bbox 2195 320 2435 384; x_wconf 84' lang='lat' dir='ltr'>SECD</span> <span class='ocrx_word' id='word_1_2' title='bbox 2459 357 2473 373; x_wconf 85' lang='lat'><strong><em>.</em></strong></span> <span class='ocrx_word' id='word_1_3' title='bbox 3307 331 3449 397; x_wconf 77' lang='grc' dir='ltr'><strong>[νη.</strong></span> <span class='ocrx_word' id='word_1_4' title='bbox 3473 335 3722 401; x_wconf 80' lang='lat' dir='ltr'>29-v111.</span> <span class='ocrx_word' id='word_1_5' title='bbox 3752 349 3831 388; x_wconf 84' lang='lat'>10.</span> 
     </span>
    </p>
   </div>
   <div class='ocr_carea' id='block_1_2' title="bbox 820 320 904 399">
    <p class='ocr_par' dir='ltr' id='par_1_2' title="bbox 820 320 904 399">
     <span class='ocr_line' id='line_1_2' title="bbox 820 320 904 399; baseline 0 0"><span class='ocrx_word' id='word_1_6' title='bbox 820 320 904 399; x_wconf 88' lang='lat'>84</span> 
     </span>
    </p>
   </div>
   <div class='ocr_carea' id='block_1_3' title="bbox 3077 488 4126 569">
    <p class='ocr_par' dir='ltr' id='par_1_3' title="bbox 3077 488 4126 569">
     <span class='ocr_line' id='line_1_3' title="bbox 3077 488 4126 569; baseline 0.006 -20"><span class='ocrx_word' id='word_1_7' title='bbox 3077 488 3080 491; x_wconf 75' lang='grc'><strong>’</strong></span> <span class='ocrx_word' id='word_1_8' title='bbox 3125 491 3393 569; x_wconf 86' lang='lat' dir='ltr'>malignis</span> <span class='ocrx_word' id='word_1_9' title='bbox 3423 504 3481 553; x_wconf 92' lang='lat' dir='ltr'>et</span> <span class='ocrx_word' id='word_1_10' title='bbox 3509 494 3717 553; x_wconf 85' lang='lat' dir='ltr'>infirmi</span> <span class='ocrx_word' id='word_1_11' title='bbox 3852 505 3977 554; x_wconf 71' lang='lat' dir='ltr'>rol.</span> <span class='ocrx_word' id='word_1_12' title='bbox 4001 505 4126 555; x_wconf 79' lang='lat'><strong>106.</strong></span> 
     </span>
    </p>
   </div>
   <div class='ocr_carea' id='block_1_4' title="bbox 3125 587 3766 666">
    <p class='ocr_par' dir='ltr' id='par_1_4' title="bbox 3125 587 3766 666">
     <span class='ocr_line' id='line_1_4' title="bbox 3125 587 3766 666; baseline 0.008 -23"><span class='ocrx_word' id='word_1_13' title='bbox 3125 587 3339 645; x_wconf 89' lang='lat' dir='ltr'>tatibus</span> <span class='ocrx_word' id='word_1_14' title='bbox 3364 618 3378 633; x_wconf 92' lang='lat'><strong>·</strong></span> <span class='ocrx_word' id='word_1_15' title='bbox 3439 590 3622 647; x_wconf 89' lang='lat' dir='ltr'>maria</span> <span class='ocrx_word' id='word_1_16' title='bbox 3650 608 3766 666; x_wconf 90' lang='lat' dir='ltr'>que</span> 
     </span>
    </p>
   </div>
   <div class='ocr_carea' id='block_1_5' title="bbox 2371 490 2955 645">
    <p class='ocr_par' dir='ltr' id='par_1_5' title="bbox 2371 490 2955 645">
     <span class='ocr_line' id='line_1_5' title="bbox 2371 490 2955 570; baseline -0.003 -18"><span class='ocrx_word' id='word_1_17' title='bbox 2371 510 2584 570; x_wconf 89' lang='lat' dir='ltr'>aquam</span> <span class='ocrx_word' id='word_1_18' title='bbox 2615 490 2674 551; x_wconf 89' lang='lat' dir='ltr'>in</span> <span class='ocrx_word' id='word_1_19' title='bbox 2708 491 2955 568; x_wconf 89' lang='lat' dir='ltr'>pedibus</span> 
     </span>
     <span class='ocr_line' id='line_1_6' title="bbox 2372 586 2901 645; baseline 0.002 -1"><span class='ocrx_word' id='word_1_20' title='bbox 2372 586 2512 644; x_wconf 88' lang='lat' dir='ltr'>mihi</span> <span class='ocrx_word' id='word_1_21' title='bbox 2540 605 2661 645; x_wconf 89' lang='lat' dir='ltr'>non</span> <span class='ocrx_word' id='word_1_22' title='bbox 2691 587 2901 645; x_wconf 89' lang='lat' dir='ltr'>dedisti</span> 
     </span>
    </p>
   </div>
   <div class='ocr_carea' id='block_1_6' title="bbox 1567 489 2182 646">
    <p class='ocr_par' dir='ltr' id='par_1_6' title="bbox 1567 489 2182 646">
     <span class='ocr_line' id='line_1_7' title="bbox 1569 489 2182 570; baseline -0.002 -20"><span class='ocrx_word' id='word_1_23' title='bbox 1569 504 1633 551; x_wconf 91' lang='lat' dir='ltr'>ut</span> <span class='ocrx_word' id='word_1_24' title='bbox 1662 494 1940 570; x_wconf 87' lang='lat' dir='ltr'>cognouit</span> <span class='ocrx_word' id='word_1_25' title='bbox 2022 489 2182 569; x_wconf 90' lang='lat' dir='ltr'>quod</span> 
     </span>
     <span class='ocr_line' id='line_1_8' title="bbox 1567 588 2176 646; baseline 0 -2"><span class='ocrx_word' id='word_1_26' title='bbox 1567 589 1827 646; x_wconf 89' lang='lat' dir='ltr'>recubuit</span> <span class='ocrx_word' id='word_1_27' title='bbox 1855 588 1914 646; x_wconf 90' lang='lat' dir='ltr'>in</span> <span class='ocrx_word' id='word_1_28' title='bbox 1945 588 2176 646; x_wconf 71' lang='lat' dir='ltr'>domu-</span> 
     </span>
    </p>
   </div>
   <div class='ocr_carea' id='block_1_7' title="bbox 522 490 1308 569">
    <p class='ocr_par' dir='ltr' id='par_1_7' title="bbox 522 490 1308 569">
     <span class='ocr_line' id='line_1_9' title="bbox 522 490 1308 569; baseline 0.003 -22"><span class='ocrx_word' id='word_1_29' title='bbox 522 498 646 557; x_wconf 63' lang='lat' dir='ltr'>J&#39;ol.</span> <span class='ocrx_word' id='word_1_30' title='bbox 670 499 791 547; x_wconf 36' lang='lat'><strong>105¹.</strong></span> <span class='ocrx_word' id='word_1_31' title='bbox 817 492 1090 569; x_wconf 87' lang='lat' dir='ltr'>baptizati</span> <span class='ocrx_word' id='word_1_32' title='bbox 1119 490 1308 567; x_wconf 90' lang='lat' dir='ltr'>baptis</span> 
     </span>
    </p>
   </div>
   <div class='ocr_carea' id='block_1_8' title="bbox 755 586 1506 2430">
    <p class='ocr_par' dir='ltr' id='par_1_8' title="bbox 809 586 1465 1397">
     <span class='ocr_line' id='line_1_10' title="bbox 818 586 1401 665; baseline -0.003 -20"><span class='ocrx_word' id='word_1_33' title='bbox 818 605 982 645; x_wconf 90' lang='lat' dir='ltr'>mum</span> <span class='ocrx_word' id='word_1_34' title='bbox 1011 586 1283 644; x_wconf 90' lang='lat' dir='ltr'>iohannis</span> <span class='ocrx_word' id='word_1_35' title='bbox 1389 652 1401 665; x_wconf 27' lang='lat'>³</span> 
     </span>
     <span class='ocr_line' id='line_1_11' title="bbox 815 680 1407 739; baseline -0.003 0"><span class='ocrx_word' id='word_1_36' title='bbox 815 681 861 713; x_wconf 82' lang='lat'>⁸⁰</span> <span class='ocrx_word' id='word_1_37' title='bbox 881 681 927 739; x_wconf 90' lang='lat' dir='ltr'>F</span> <span class='ocrx_word' id='word_1_38' title='bbox 929 680 1097 739; x_wconf 87' lang='lat' dir='ltr'>arisei</span> <span class='ocrx_word' id='word_1_39' title='bbox 1125 690 1321 737; x_wconf 88' lang='lat' dir='ltr'>autem</span> <span class='ocrx_word' id='word_1_40' title='bbox 1351 690 1407 737; x_wconf 90' lang='lat' dir='ltr'>et</span> 
     </span>
     <span class='ocr_line' id='line_1_12' title="bbox 815 774 1362 852; baseline -0.005 -18"><span class='ocrx_word' id='word_1_41' title='bbox 815 776 961 851; x_wconf 87' lang='lat' dir='ltr'>legis</span> <span class='ocrx_word' id='word_1_42' title='bbox 989 774 1187 852; x_wconf 90' lang='lat' dir='ltr'>periti·</span> <span class='ocrx_word' id='word_1_43' title='bbox 1246 792 1362 833; x_wconf 88' lang='lat' dir='ltr'>con</span> 
     </span>
     <span class='ocr_line' id='line_1_13' title="bbox 816 868 1305 945; baseline -0.002 -18"><span class='ocrx_word' id='word_1_44' title='bbox 816 870 1006 927; x_wconf 91' lang='lat' dir='ltr'>silium</span> <span class='ocrx_word' id='word_1_45' title='bbox 1037 868 1305 945; x_wconf 89' lang='lat' dir='ltr'>dispreue</span> 
     </span>
     <span class='ocr_line' id='line_1_14' title="bbox 813 963 1417 1038; baseline -0.002 -17"><span class='ocrx_word' id='word_1_46' title='bbox 813 973 947 1021; x_wconf 89' lang='lat' dir='ltr'>runt</span> <span class='ocrx_word' id='word_1_47' title='bbox 977 963 1035 1021; x_wconf 89' lang='lat' dir='ltr'>in</span> <span class='ocrx_word' id='word_1_48' title='bbox 1064 981 1125 1021; x_wconf 92' lang='lat' dir='ltr'>se</span> <span class='ocrx_word' id='word_1_49' title='bbox 1156 980 1278 1020; x_wconf 90' lang='lat' dir='ltr'>non</span> <span class='ocrx_word' id='word_1_50' title='bbox 1306 963 1417 1038; x_wconf 79' lang='lat' dir='ltr'>b⁰p</span> 
     </span>
     <span class='ocr_line' id='line_1_15' title="bbox 811 1053 1465 1115; baseline -0.002 0"><span class='ocrx_word' id='word_1_51' title='bbox 811 1058 966 1115; x_wconf 89' lang='lat' dir='ltr'>tizati</span> <span class='ocrx_word' id='word_1_52' title='bbox 996 1058 1071 1115; x_wconf 92' lang='lat' dir='ltr'>ab</span> <span class='ocrx_word' id='word_1_53' title='bbox 1099 1056 1197 1115; x_wconf 87' lang='lat' dir='ltr'>illo</span> <span class='ocrx_word' id='word_1_54' title='bbox 1217 1088 1230 1101; x_wconf 94' lang='lat'><strong>·</strong></span> <span class='ocrx_word' id='word_1_55' title='bbox 1291 1053 1334 1089; x_wconf 78' lang='lat'>³¹</span> <span class='ocrx_word' id='word_1_56' title='bbox 1356 1055 1465 1115; x_wconf 91' lang='lat' dir='ltr'>Cui</span> 
     </span>
     <span class='ocr_line' id='line_1_16' title="bbox 811 1150 1357 1227; baseline -0.004 -18"><span class='ocrx_word' id='word_1_57' title='bbox 811 1169 954 1227; x_wconf 89' lang='lat' dir='ltr'>ergo</span> <span class='ocrx_word' id='word_1_58' title='bbox 984 1151 1199 1209; x_wconf 87' lang='lat' dir='ltr'>similes</span> <span class='ocrx_word' id='word_1_59' title='bbox 1228 1150 1357 1208; x_wconf 70' lang='lat' dir='ltr'>dica</span> 
     </span>
     <span class='ocr_line' id='line_1_17' title="bbox 809 1244 1341 1320; baseline 0.004 -18"><span class='ocrx_word' id='word_1_60' title='bbox 809 1245 1081 1304; x_wconf 89' lang='lat' dir='ltr'>homines</span> <span class='ocrx_word' id='word_1_61' title='bbox 1109 1244 1238 1303; x_wconf 91' lang='lat' dir='ltr'>huis</span> <span class='ocrx_word' id='word_1_62' title='bbox 1266 1263 1341 1320; x_wconf 89' lang='lat' dir='ltr'>ge</span> 
     </span>
     <span class='ocr_line' id='line_1_18' title="bbox 809 1338 1280 1397; baseline 0.004 -2"><span class='ocrx_word' id='word_1_63' title='bbox 809 1339 1125 1397; x_wconf 87' lang='lat' dir='ltr'>nerationis</span> <span class='ocrx_word' id='word_1_64' title='bbox 1145 1369 1159 1384; x_wconf 92' lang='lat'><strong>·</strong></span> <span class='ocrx_word' id='word_1_65' title='bbox 1203 1338 1280 1397; x_wconf 91' lang='lat' dir='ltr'>Et</span> 
     </span>
    </p>

    <p class='ocr_par' dir='ltr' id='par_1_9' title="bbox 809 1433 1345 1491">
     <span class='ocr_line' id='line_1_19' title="bbox 809 1433 1345 1491; baseline 0 0"><span class='ocrx_word' id='word_1_66' title='bbox 809 1434 903 1491; x_wconf 91' lang='lat' dir='ltr'>cui</span> <span class='ocrx_word' id='word_1_67' title='bbox 933 1433 1149 1491; x_wconf 84' lang='lat' dir='ltr'><strong>similes</strong></span> <span class='ocrx_word' id='word_1_68' title='bbox 1178 1442 1345 1491; x_wconf 90' lang='lat' dir='ltr'>sunt·</span> 
     </span>
    </p>

    <p class='ocr_par' dir='ltr' id='par_1_10' title="bbox 806 1525 1410 1679">
     <span class='ocr_line' id='line_1_20' title="bbox 807 1525 1410 1603; baseline 0 -18"><span class='ocrx_word' id='word_1_69' title='bbox 807 1525 852 1558; x_wconf 79' lang='lat'>⁸²</span> <span class='ocrx_word' id='word_1_70' title='bbox 871 1526 1100 1585; x_wconf 88' lang='lat' dir='ltr'>Similes</span> <span class='ocrx_word' id='word_1_71' title='bbox 1130 1535 1264 1585; x_wconf 89' lang='lat' dir='ltr'>sunt</span> <span class='ocrx_word' id='word_1_72' title='bbox 1293 1545 1410 1603; x_wconf 89' lang='lat' dir='ltr'>pue</span> 
     </span>
     <span class='ocr_line' id='line_1_21' title="bbox 806 1620 1249 1679; baseline 0 0"><span class='ocrx_word' id='word_1_73' title='bbox 806 1620 884 1679; x_wconf 87' lang='lat' dir='ltr'>ris</span> <span class='ocrx_word' id='word_1_74' title='bbox 913 1620 1249 1679; x_wconf 86' lang='lat' dir='ltr'>sedentibus</span> 
     </span>
    </p>

    <p class='ocr_par' dir='ltr' id='par_1_11' title="bbox 755 1711 1433 2242">
     <span class='ocr_line' id='line_1_22' title="bbox 755 1711 1331 1791; baseline -0.003 -19"><span class='ocrx_word' id='word_1_75' title='bbox 755 1711 759 1715; x_wconf 73' lang='grc'>’</span> <span class='ocrx_word' id='word_1_76' title='bbox 806 1715 867 1772; x_wconf 91' lang='lat' dir='ltr'>in</span> <span class='ocrx_word' id='word_1_77' title='bbox 898 1713 958 1771; x_wconf 85' lang='lat' dir='ltr'>fo</span> <span class='ocrx_word' id='word_1_78' title='bbox 986 1723 1043 1771; x_wconf 93' lang='lat' dir='ltr'>et</span> <span class='ocrx_word' id='word_1_79' title='bbox 1070 1713 1331 1791; x_wconf 88' lang='lat' dir='ltr'>loquenti</span> 
     </span>
     <span class='ocr_line' id='line_1_23' title="bbox 807 1807 1309 1866; baseline -0.002 0"><span class='ocrx_word' id='word_1_80' title='bbox 807 1808 919 1866; x_wconf 88' lang='lat' dir='ltr'>bus</span> <span class='ocrx_word' id='word_1_81' title='bbox 948 1807 1022 1866; x_wconf 90' lang='lat' dir='ltr'>ad</span> <span class='ocrx_word' id='word_1_82' title='bbox 1051 1808 1309 1865; x_wconf 90' lang='lat' dir='ltr'>inuicem</span> 
     </span>
     <span class='ocr_line' id='line_1_24' title="bbox 806 1901 1305 1960; baseline 0 -1"><span class='ocrx_word' id='word_1_83' title='bbox 806 1901 1063 1960; x_wconf 85' lang='lat' dir='ltr'>dicentes</span> <span class='ocrx_word' id='word_1_84' title='bbox 1134 1911 1305 1959; x_wconf 87' lang='lat' dir='ltr'>canta</span> 
     </span>
     <span class='ocr_line' id='line_1_25' title="bbox 805 1996 1433 2054; baseline -0.002 -1"><span class='ocrx_word' id='word_1_85' title='bbox 805 1996 997 2054; x_wconf 89' lang='lat' dir='ltr'>uimus</span> <span class='ocrx_word' id='word_1_86' title='bbox 1023 1996 1194 2053; x_wconf 90' lang='lat' dir='ltr'>uobis</span> <span class='ocrx_word' id='word_1_87' title='bbox 1224 2004 1281 2054; x_wconf 91' lang='lat' dir='ltr'>et</span> <span class='ocrx_word' id='word_1_88' title='bbox 1310 2013 1433 2054; x_wconf 88' lang='lat' dir='ltr'>non</span> 
     </span>
     <span class='ocr_line' id='line_1_26' title="bbox 804 2088 1344 2149; baseline 0.002 -2"><span class='ocrx_word' id='word_1_89' title='bbox 804 2089 1086 2149; x_wconf 88' lang='lat' dir='ltr'>saltastis·</span> <span class='ocrx_word' id='word_1_90' title='bbox 1150 2088 1344 2148; x_wconf 88' lang='lat' dir='ltr'>lamen</span> 
     </span>
     <span class='ocr_line' id='line_1_27' title="bbox 803 2184 1261 2242; baseline 0 0"><span class='ocrx_word' id='word_1_91' title='bbox 803 2184 1055 2242; x_wconf 91' lang='lat' dir='ltr'>tauimus</span> <span class='ocrx_word' id='word_1_92' title='bbox 1092 2184 1261 2242; x_wconf 90' lang='lat' dir='ltr'>uobis</span> 
     </span>
    </p>

    <p class='ocr_par' dir='ltr' id='par_1_12' title="bbox 799 2277 1506 2430">
     <span class='ocr_line' id='line_1_28' title="bbox 801 2277 1340 2354; baseline 0 -20"><span class='ocrx_word' id='word_1_93' title='bbox 801 2287 858 2334; x_wconf 89' lang='lat' dir='ltr'>et</span> <span class='ocrx_word' id='word_1_94' title='bbox 887 2295 1008 2336; x_wconf 89' lang='lat' dir='ltr'>non</span> <span class='ocrx_word' id='word_1_95' title='bbox 1037 2277 1306 2354; x_wconf 86' lang='lat' dir='ltr'>plorastis</span> <span class='ocrx_word' id='word_1_96' title='bbox 1326 2307 1340 2322; x_wconf 89' lang='lat'><strong>·</strong></span> 
     </span>
     <span class='ocr_line' id='line_1_29' title="bbox 799 2369 1506 2430; baseline 0.001 -2"><span class='ocrx_word' id='word_1_97' title='bbox 799 2369 1024 2429; x_wconf 69' lang='lat' dir='ltr'>”Uenit</span> <span class='ocrx_word' id='word_1_98' title='bbox 1041 2372 1198 2429; x_wconf 91' lang='lat' dir='ltr'>enim</span> <span class='ocrx_word' id='word_1_99' title='bbox 1217 2370 1506 2430; x_wconf 91' lang='lat' dir='ltr'>iohannes</span> 
     </span>
    </p>
   </div>
   <div class='ocr_carea' id='block_1_9' title="bbox 746 2504 1498 3974">
    <p class='ocr_par' dir='ltr' id='par_1_13' title="bbox 797 2504 1422 2844">
     <span class='ocr_line' id='line_1_30' title="bbox 799 2504 1338 2580; baseline 0.002 -19"><span class='ocrx_word' id='word_1_100' title='bbox 799 2504 1049 2579; x_wconf 78' lang='lat' dir='ltr'>baptista</span> <span class='ocrx_word' id='word_1_101' title='bbox 1071 2533 1085 2548; x_wconf 89' lang='lat'><strong>·</strong></span> <span class='ocrx_word' id='word_1_102' title='bbox 1147 2522 1338 2580; x_wconf 89' lang='lat' dir='ltr'>neque</span> 
     </span>
     <span class='ocr_line' id='line_1_31' title="bbox 799 2598 1422 2675; baseline 0.003 -21"><span class='ocrx_word' id='word_1_103' title='bbox 799 2598 1165 2657; x_wconf 87' lang='lat' dir='ltr'>manducans</span> <span class='ocrx_word' id='word_1_104' title='bbox 1195 2616 1422 2675; x_wconf 86' lang='lat' dir='ltr'>nequae</span> 
     </span>
     <span class='ocr_line' id='line_1_32' title="bbox 798 2692 1387 2751; baseline 0.005 -3"><span class='ocrx_word' id='word_1_105' title='bbox 798 2692 1009 2751; x_wconf 90' lang='lat' dir='ltr'>bibens</span> <span class='ocrx_word' id='word_1_106' title='bbox 1035 2724 1048 2738; x_wconf 94' lang='lat'><strong>·</strong></span> <span class='ocrx_word' id='word_1_107' title='bbox 1090 2692 1167 2750; x_wconf 90' lang='lat' dir='ltr'>Et</span> <span class='ocrx_word' id='word_1_108' title='bbox 1196 2693 1387 2751; x_wconf 91' lang='lat' dir='ltr'>dicitis</span> 
     </span>
     <span class='ocr_line' id='line_1_33' title="bbox 797 2785 1413 2844; baseline 0.002 -1"><span class='ocrx_word' id='word_1_109' title='bbox 797 2785 1172 2844; x_wconf 88' lang='lat' dir='ltr'>daemonium</span> <span class='ocrx_word' id='word_1_110' title='bbox 1202 2786 1376 2844; x_wconf 91' lang='lat' dir='ltr'>habet</span> <span class='ocrx_word' id='word_1_111' title='bbox 1400 2818 1413 2832; x_wconf 93' lang='lat'><strong>·</strong></span> 
     </span>
    </p>

    <p class='ocr_par' dir='ltr' id='par_1_14' title="bbox 746 2877 1498 3331">
     <span class='ocr_line' id='line_1_34' title="bbox 746 2877 1498 2939; baseline 0.004 -3"><span class='ocrx_word' id='word_1_112' title='bbox 746 2877 749 2880; x_wconf 67' lang='grc'><strong><em>’</em></strong></span> <span class='ocrx_word' id='word_1_113' title='bbox 794 2877 1213 2938; x_wconf 75' lang='lat' dir='ltr'>⁸¹Uenit&#39;’filius</span> <span class='ocrx_word' id='word_1_114' title='bbox 1242 2879 1498 2939; x_wconf 91' lang='lat' dir='ltr'>hominis</span> 
     </span>
     <span class='ocr_line' id='line_1_35' title="bbox 794 2973 1496 3032; baseline 0.003 -2"><span class='ocrx_word' id='word_1_115' title='bbox 794 2973 1157 3031; x_wconf 86' lang='lat' dir='ltr'>manducans</span> <span class='ocrx_word' id='word_1_116' title='bbox 1175 2982 1233 3031; x_wconf 93' lang='lat' dir='ltr'>et</span> <span class='ocrx_word' id='word_1_117' title='bbox 1252 2975 1457 3032; x_wconf 90' lang='lat' dir='ltr'>bibens</span> <span class='ocrx_word' id='word_1_118' title='bbox 1481 3006 1496 3021; x_wconf 92' lang='lat'><strong>·</strong></span> 
     </span>
     <span class='ocr_line' id='line_1_36' title="bbox 793 3066 1476 3126; baseline 0.001 -1"><span class='ocrx_word' id='word_1_119' title='bbox 793 3076 851 3125; x_wconf 89' lang='lat' dir='ltr'>et</span> <span class='ocrx_word' id='word_1_120' title='bbox 879 3066 1095 3125; x_wconf 89' lang='lat' dir='ltr'>dicitis·</span> <span class='ocrx_word' id='word_1_121' title='bbox 1126 3085 1266 3126; x_wconf 92' lang='lat' dir='ltr'>ecce</span> <span class='ocrx_word' id='word_1_122' title='bbox 1295 3066 1476 3126; x_wconf 92' lang='lat' dir='ltr'>homo</span> 
     </span>
     <span class='ocr_line' id='line_1_37' title="bbox 792 3161 1345 3220; baseline 0.005 -3"><span class='ocrx_word' id='word_1_123' title='bbox 792 3172 1027 3219; x_wconf 89' lang='lat' dir='ltr'>uorator</span> <span class='ocrx_word' id='word_1_124' title='bbox 1055 3170 1111 3219; x_wconf 92' lang='lat' dir='ltr'>et</span> <span class='ocrx_word' id='word_1_125' title='bbox 1139 3161 1345 3220; x_wconf 90' lang='lat' dir='ltr'>bibens</span> 
     </span>
     <span class='ocr_line' id='line_1_38' title="bbox 789 3254 1333 3331; baseline 0.006 -20"><span class='ocrx_word' id='word_1_126' title='bbox 789 3254 994 3312; x_wconf 89' lang='lat' dir='ltr'>uinum</span> <span class='ocrx_word' id='word_1_127' title='bbox 1023 3254 1333 3331; x_wconf 89' lang='lat' dir='ltr'>puplicano</span> 
     </span>
    </p>

    <p class='ocr_par' dir='ltr' id='par_1_15' title="bbox 788 3356 1431 3615">
     <span class='ocr_line' id='line_1_39' title="bbox 789 3356 1341 3425; baseline 0.005 -20"><span class='ocrx_word' id='word_1_128' title='bbox 789 3365 917 3405; x_wconf 90' lang='lat' dir='ltr'>rum</span> <span class='ocrx_word' id='word_1_129' title='bbox 947 3359 1005 3407; x_wconf 91' lang='lat' dir='ltr'>et</span> <span class='ocrx_word' id='word_1_130' title='bbox 1031 3356 1341 3425; x_wconf 66' lang='lat' dir='ltr'>peccatori]</span> 
     </span>
     <span class='ocr_line' id='line_1_40' title="bbox 788 3443 1431 3504; baseline 0.003 -4"><span class='ocrx_word' id='word_1_131' title='bbox 788 3443 1012 3504; x_wconf 87' lang='lat' dir='ltr'>amicus</span> <span class='ocrx_word' id='word_1_132' title='bbox 1033 3474 1047 3489; x_wconf 93' lang='lat'><strong>·</strong></span> <span class='ocrx_word' id='word_1_133' title='bbox 1091 3443 1137 3476; x_wconf 80' lang='lat'>⁸⁵</span> <span class='ocrx_word' id='word_1_134' title='bbox 1155 3444 1232 3502; x_wconf 87' lang='lat' dir='ltr'>Et</span> <span class='ocrx_word' id='word_1_135' title='bbox 1261 3444 1431 3504; x_wconf 88' lang='lat' dir='ltr'>iustifi</span> 
     </span>
     <span class='ocr_line' id='line_1_41' title="bbox 788 3539 1347 3615; baseline 0.007 -21"><span class='ocrx_word' id='word_1_136' title='bbox 788 3546 919 3595; x_wconf 88' lang='lat' dir='ltr'>cata</span> <span class='ocrx_word' id='word_1_137' title='bbox 948 3549 1035 3596; x_wconf 93' lang='lat' dir='ltr'>est</span> <span class='ocrx_word' id='word_1_138' title='bbox 1065 3539 1347 3615; x_wconf 86' lang='lat' dir='ltr'>sapientia</span> 
     </span>
    </p>

    <p class='ocr_par' dir='ltr' id='par_1_16' title="bbox 786 3630 1323 3691">
     <span class='ocr_line' id='line_1_42' title="bbox 786 3630 1323 3691; baseline 0.006 -4"><span class='ocrx_word' id='word_1_139' title='bbox 786 3630 863 3688; x_wconf 88' lang='lat' dir='ltr'>ab</span> <span class='ocrx_word' id='word_1_140' title='bbox 891 3632 1166 3690; x_wconf 89' lang='lat' dir='ltr'>omnibus</span> <span class='ocrx_word' id='word_1_141' title='bbox 1196 3633 1323 3691; x_wconf 90' lang='lat' dir='ltr'>filiis</span> 
     </span>
    </p>

    <p class='ocr_par' dir='ltr' id='par_1_17' title="bbox 781 3724 1484 3974">
     <span class='ocr_line' id='line_1_43' title="bbox 785 3724 1484 3802; baseline 0.007 -20"><span class='ocrx_word' id='word_1_142' title='bbox 785 3724 905 3782; x_wconf 90' lang='lat' dir='ltr'>suis</span> <span class='ocrx_word' id='word_1_143' title='bbox 926 3756 939 3771; x_wconf 91' lang='lat'><strong>·</strong></span> <span class='ocrx_word' id='word_1_144' title='bbox 1004 3725 1047 3758; x_wconf 78' lang='lat'>³⁶</span> <span class='ocrx_word' id='word_1_145' title='bbox 1067 3725 1322 3802; x_wconf 88' lang='lat' dir='ltr'>Rogauit</span> <span class='ocrx_word' id='word_1_146' title='bbox 1351 3734 1484 3787; x_wconf 69' lang='lat' dir='ltr'>aute</span> 
     </span>
     <span class='ocr_line' id='line_1_44' title="bbox 781 3817 1340 3896; baseline 0.009 -22"><span class='ocrx_word' id='word_1_147' title='bbox 781 3817 941 3875; x_wconf 88' lang='lat' dir='ltr'>illum</span> <span class='ocrx_word' id='word_1_148' title='bbox 971 3818 1208 3896; x_wconf 88' lang='lat' dir='ltr'>quidam</span> <span class='ocrx_word' id='word_1_149' title='bbox 1237 3821 1340 3879; x_wconf 86' lang='lat' dir='ltr'>fari</span> 
     </span>
     <span class='ocr_line' id='line_1_45' title="bbox 782 3914 1360 3974; baseline 0.007 -4"><span class='ocrx_word' id='word_1_150' title='bbox 782 3929 952 3972; x_wconf 87' lang='lat' dir='ltr'>saeus</span> <span class='ocrx_word' id='word_1_151' title='bbox 980 3925 1039 3971; x_wconf 92' lang='lat' dir='ltr'>ut</span> <span class='ocrx_word' id='word_1_152' title='bbox 1068 3914 1360 3974; x_wconf 90' lang='lat' dir='ltr'>manduca</span> 
     </span>
    </p>
   </div>
   <div class='ocr_carea' id='block_1_10' title="bbox 1556 679 2292 2446">
    <p class='ocr_par' dir='ltr' id='par_1_18' title="bbox 1565 679 2202 852">
     <span class='ocr_line' id='line_1_46' title="bbox 1567 679 2202 741; baseline 0.003 -4"><span class='ocrx_word' id='word_1_153' title='bbox 1567 679 1793 741; x_wconf 87' lang='lat' dir='ltr'>farisaei</span> <span class='ocrx_word' id='word_1_154' title='bbox 1815 713 1828 727; x_wconf 93' lang='lat'><strong>·</strong></span> <span class='ocrx_word' id='word_1_155' title='bbox 1892 681 2082 740; x_wconf 90' lang='lat' dir='ltr'>attulit</span> <span class='ocrx_word' id='word_1_156' title='bbox 2110 680 2202 739; x_wconf 87' lang='lat' dir='ltr'>ala</span> 
     </span>
     <span class='ocr_line' id='line_1_47' title="bbox 1565 775 2169 852; baseline 0 -20"><span class='ocrx_word' id='word_1_157' title='bbox 1565 775 1824 834; x_wconf 87' lang='lat' dir='ltr'>bastrum</span> <span class='ocrx_word' id='word_1_158' title='bbox 1852 775 2134 852; x_wconf 86' lang='lat' dir='ltr'>unguenti</span> <span class='ocrx_word' id='word_1_159' title='bbox 2156 805 2169 821; x_wconf 92' lang='lat'><strong>·</strong></span> 
     </span>
    </p>

    <p class='ocr_par' dir='ltr' id='par_1_19' title="bbox 1563 867 2292 1319">
     <span class='ocr_line' id='line_1_48' title="bbox 1564 867 2292 946; baseline 0 -21"><span class='ocrx_word' id='word_1_160' title='bbox 1564 867 1608 900; x_wconf 83' lang='lat'>⁸⁸</span> <span class='ocrx_word' id='word_1_161' title='bbox 1621 868 1793 928; x_wconf 84' lang='lat' dir='ltr'>Stans</span> <span class='ocrx_word' id='word_1_162' title='bbox 1804 888 1972 929; x_wconf 90' lang='lat' dir='ltr'>secus</span> <span class='ocrx_word' id='word_1_163' title='bbox 1981 869 2159 946; x_wconf 91' lang='lat' dir='ltr'>pedes</span> <span class='ocrx_word' id='word_1_164' title='bbox 2169 868 2292 927; x_wconf 90' lang='lat' dir='ltr'>eius</span> 
     </span>
     <span class='ocr_line' id='line_1_49' title="bbox 1565 961 2165 1039; baseline 0.003 -20"><span class='ocrx_word' id='word_1_165' title='bbox 1565 961 1814 1021; x_wconf 87' lang='lat' dir='ltr'>lacrimis</span> <span class='ocrx_word' id='word_1_166' title='bbox 1843 963 2068 1039; x_wconf 87' lang='lat' dir='ltr'>rigabat</span> <span class='ocrx_word' id='word_1_167' title='bbox 2088 980 2165 1039; x_wconf 91' lang='lat' dir='ltr'>pe</span> 
     </span>
     <span class='ocr_line' id='line_1_50' title="bbox 1565 1053 2198 1132; baseline 0.003 -20"><span class='ocrx_word' id='word_1_168' title='bbox 1565 1053 1669 1114; x_wconf 88' lang='lat' dir='ltr'>des</span> <span class='ocrx_word' id='word_1_169' title='bbox 1698 1056 1821 1115; x_wconf 92' lang='lat' dir='ltr'>eius</span> <span class='ocrx_word' id='word_1_170' title='bbox 1891 1067 1949 1114; x_wconf 90' lang='lat' dir='ltr'>et</span> <span class='ocrx_word' id='word_1_171' title='bbox 1978 1055 2198 1132; x_wconf 87' lang='lat' dir='ltr'>capillis</span> 
     </span>
     <span class='ocr_line' id='line_1_51' title="bbox 1563 1150 2219 1225; baseline 0.002 -19"><span class='ocrx_word' id='word_1_172' title='bbox 1563 1150 1772 1225; x_wconf 86' lang='lat' dir='ltr'>capitis</span> <span class='ocrx_word' id='word_1_173' title='bbox 1803 1150 1892 1208; x_wconf 90' lang='lat' dir='ltr'>sui</span> <span class='ocrx_word' id='word_1_174' title='bbox 1923 1150 2186 1225; x_wconf 88' lang='lat' dir='ltr'>tergebat</span> <span class='ocrx_word' id='word_1_175' title='bbox 2205 1179 2219 1195; x_wconf 91' lang='lat'><strong>·</strong></span> 
     </span>
     <span class='ocr_line' id='line_1_52' title="bbox 1564 1243 2121 1319; baseline 0.005 -20"><span class='ocrx_word' id='word_1_176' title='bbox 1564 1251 1621 1299; x_wconf 93' lang='lat' dir='ltr'>et</span> <span class='ocrx_word' id='word_1_177' title='bbox 1649 1243 2016 1303; x_wconf 83' lang='lat' dir='ltr'>osculabatur</span> <span class='ocrx_word' id='word_1_178' title='bbox 2043 1261 2121 1319; x_wconf 89' lang='lat' dir='ltr'>pe</span> 
     </span>
    </p>

    <p class='ocr_par' dir='ltr' id='par_1_20' title="bbox 1556 1335 2265 2446">
     <span class='ocr_line' id='line_1_53' title="bbox 1564 1335 2265 1412; baseline 0.001 -18"><span class='ocrx_word' id='word_1_179' title='bbox 1564 1335 1666 1394; x_wconf 87' lang='lat' dir='ltr'>des</span> <span class='ocrx_word' id='word_1_180' title='bbox 1686 1337 1811 1395; x_wconf 92' lang='lat' dir='ltr'>eius</span> <span class='ocrx_word' id='word_1_181' title='bbox 1880 1347 1935 1395; x_wconf 91' lang='lat' dir='ltr'>et</span> <span class='ocrx_word' id='word_1_182' title='bbox 1961 1346 2265 1412; x_wconf 88' lang='lat' dir='ltr'>unguento</span> 
     </span>
     <span class='ocr_line' id='line_1_54' title="bbox 1561 1430 2245 1505; baseline 0.004 -19"><span class='ocrx_word' id='word_1_183' title='bbox 1561 1430 1894 1505; x_wconf 88' lang='lat' dir='ltr'>unguebat·</span> <span class='ocrx_word' id='word_1_184' title='bbox 1955 1430 1999 1465; x_wconf 80' lang='lat'>³⁹</span> <span class='ocrx_word' id='word_1_185' title='bbox 2019 1430 2245 1489; x_wconf 91' lang='lat' dir='ltr'>Uidens</span> 
     </span>
     <span class='ocr_line' id='line_1_55' title="bbox 1561 1522 2194 1602; baseline 0.003 -21"><span class='ocrx_word' id='word_1_186' title='bbox 1561 1534 1758 1581; x_wconf 91' lang='lat' dir='ltr'>autem</span> <span class='ocrx_word' id='word_1_187' title='bbox 1786 1522 2064 1583; x_wconf 87' lang='lat' dir='ltr'>farisaeus</span> <span class='ocrx_word' id='word_1_188' title='bbox 2095 1526 2194 1602; x_wconf 90' lang='lat' dir='ltr'>qui</span> 
     </span>
     <span class='ocr_line' id='line_1_56' title="bbox 1560 1620 2224 1677; baseline 0.002 -2"><span class='ocrx_word' id='word_1_189' title='bbox 1560 1629 1875 1677; x_wconf 87' lang='lat' dir='ltr'>uocauerat</span> <span class='ocrx_word' id='word_1_190' title='bbox 1903 1637 2040 1676; x_wconf 91' lang='lat' dir='ltr'>eum</span> <span class='ocrx_word' id='word_1_191' title='bbox 2064 1650 2077 1664; x_wconf 94' lang='lat'><strong>·</strong></span> <span class='ocrx_word' id='word_1_192' title='bbox 2144 1620 2224 1677; x_wconf 91' lang='lat' dir='ltr'>ait</span> 
     </span>
     <span class='ocr_line' id='line_1_57' title="bbox 1562 1711 2210 1771; baseline 0.006 -4"><span class='ocrx_word' id='word_1_193' title='bbox 1562 1711 1711 1769; x_wconf 90' lang='lat' dir='ltr'>intra</span> <span class='ocrx_word' id='word_1_194' title='bbox 1741 1729 1803 1769; x_wconf 92' lang='lat' dir='ltr'>se</span> <span class='ocrx_word' id='word_1_195' title='bbox 1832 1711 2036 1771; x_wconf 89' lang='lat' dir='ltr'>dicens</span> <span class='ocrx_word' id='word_1_196' title='bbox 2057 1743 2070 1757; x_wconf 94' lang='lat'>·</span> <span class='ocrx_word' id='word_1_197' title='bbox 2116 1713 2210 1771; x_wconf 90' lang='lat' dir='ltr'>hic</span> 
     </span>
     <span class='ocr_line' id='line_1_58' title="bbox 1562 1804 2159 1881; baseline 0 -18"><span class='ocrx_word' id='word_1_198' title='bbox 1562 1805 1611 1863; x_wconf 88' lang='lat' dir='ltr'>si</span> <span class='ocrx_word' id='word_1_199' title='bbox 1638 1815 1794 1864; x_wconf 91' lang='lat' dir='ltr'>esset</span> <span class='ocrx_word' id='word_1_200' title='bbox 1820 1804 2048 1881; x_wconf 90' lang='lat' dir='ltr'>profeta</span> <span class='ocrx_word' id='word_1_201' title='bbox 2075 1807 2159 1865; x_wconf 91' lang='lat' dir='ltr'>sci</span> 
     </span>
     <span class='ocr_line' id='line_1_59' title="bbox 1558 1898 2218 1975; baseline 0.003 -20"><span class='ocrx_word' id='word_1_202' title='bbox 1558 1906 1642 1955; x_wconf 92' lang='lat' dir='ltr'>ret</span> <span class='ocrx_word' id='word_1_203' title='bbox 1672 1898 1906 1974; x_wconf 89' lang='lat' dir='ltr'>utiquae</span> <span class='ocrx_word' id='word_1_204' title='bbox 1977 1916 2128 1975; x_wconf 91' lang='lat' dir='ltr'>quae</span> <span class='ocrx_word' id='word_1_205' title='bbox 2159 1909 2218 1957; x_wconf 91' lang='lat' dir='ltr'>et</span> 
     </span>
     <span class='ocr_line' id='line_1_60' title="bbox 1559 1991 2101 2068; baseline 0.004 -20"><span class='ocrx_word' id='word_1_206' title='bbox 1559 1991 1744 2068; x_wconf 90' lang='lat' dir='ltr'>qualis</span> <span class='ocrx_word' id='word_1_207' title='bbox 1779 2001 1868 2050; x_wconf 88' lang='lat' dir='ltr'>est</span> <span class='ocrx_word' id='word_1_208' title='bbox 1897 1992 2101 2051; x_wconf 89' lang='lat' dir='ltr'>mulier</span> 
     </span>
     <span class='ocr_line' id='line_1_61' title="bbox 1557 2086 2263 2164; baseline 0.003 -22"><span class='ocrx_word' id='word_1_209' title='bbox 1557 2103 1708 2162; x_wconf 89' lang='lat' dir='ltr'>quae</span> <span class='ocrx_word' id='word_1_210' title='bbox 1731 2086 1918 2162; x_wconf 90' lang='lat' dir='ltr'>tangit</span> <span class='ocrx_word' id='word_1_211' title='bbox 1936 2104 2096 2144; x_wconf 89' lang='lat' dir='ltr'>eum·</span> <span class='ocrx_word' id='word_1_212' title='bbox 2128 2086 2263 2164; x_wconf 89' lang='lat' dir='ltr'>quia</span> 
     </span>
     <span class='ocr_line' id='line_1_62' title="bbox 1556 2180 2260 2255; baseline 0.001 -18"><span class='ocrx_word' id='word_1_213' title='bbox 1556 2180 1850 2255; x_wconf 85' lang='lat' dir='ltr'>peccatrix</span> <span class='ocrx_word' id='word_1_214' title='bbox 1881 2189 2000 2238; x_wconf 88' lang='lat' dir='ltr'>est·</span> <span class='ocrx_word' id='word_1_215' title='bbox 2048 2180 2171 2238; x_wconf 76' lang='lat' dir='ltr'>⁴⁰Et</span> <span class='ocrx_word' id='word_1_216' title='bbox 2199 2200 2260 2239; x_wconf 91' lang='lat' dir='ltr'>re</span> 
     </span>
     <span class='ocr_line' id='line_1_63' title="bbox 1557 2273 2218 2349; baseline 0.002 -18"><span class='ocrx_word' id='word_1_217' title='bbox 1557 2273 1856 2349; x_wconf 88' lang='lat' dir='ltr'>spondens</span> <span class='ocrx_word' id='word_1_218' title='bbox 1885 2273 1974 2332; x_wconf 84' lang='lat' dir='ltr'>ihs</span> <span class='ocrx_word' id='word_1_219' title='bbox 2004 2275 2081 2332; x_wconf 90' lang='lat' dir='ltr'>ait</span> <span class='ocrx_word' id='word_1_220' title='bbox 2107 2274 2185 2333; x_wconf 90' lang='lat' dir='ltr'>illi</span> <span class='ocrx_word' id='word_1_221' title='bbox 2204 2306 2218 2321; x_wconf 90' lang='lat'><strong>·</strong></span> 
     </span>
     <span class='ocr_line' id='line_1_64' title="bbox 1556 2366 2260 2446; baseline 0.001 -21"><span class='ocrx_word' id='word_1_222' title='bbox 1556 2366 1748 2425; x_wconf 90' lang='lat' dir='ltr'>simon</span> <span class='ocrx_word' id='word_1_223' title='bbox 1773 2366 1962 2426; x_wconf 90' lang='lat' dir='ltr'>habeo</span> <span class='ocrx_word' id='word_1_224' title='bbox 1986 2369 2087 2426; x_wconf 91' lang='lat' dir='ltr'>tibi</span> <span class='ocrx_word' id='word_1_225' title='bbox 2109 2368 2260 2446; x_wconf 84' lang='lat' dir='ltr'>quod</span> 
     </span>
    </p>
   </div>
   <div class='ocr_carea' id='block_1_11' title="bbox 1533 2496 2254 3982">
    <p class='ocr_par' dir='ltr' id='par_1_21' title="bbox 1545 2496 2254 3044">
     <span class='ocr_line' id='line_1_65' title="bbox 1554 2496 2130 2560; baseline 0.005 -5"><span class='ocrx_word' id='word_1_226' title='bbox 1554 2496 1743 2557; x_wconf 89' lang='lat' dir='ltr'>dicere</span> <span class='ocrx_word' id='word_1_227' title='bbox 1765 2530 1778 2544; x_wconf 94' lang='lat'><strong>·</strong></span> <span class='ocrx_word' id='word_1_228' title='bbox 1840 2510 1897 2557; x_wconf 90' lang='lat' dir='ltr'>at</span> <span class='ocrx_word' id='word_1_229' title='bbox 1927 2499 2020 2560; x_wconf 92' lang='lat' dir='ltr'>ille</span> <span class='ocrx_word' id='word_1_230' title='bbox 2050 2502 2130 2559; x_wconf 90' lang='lat' dir='ltr'>ait</span> 
     </span>
     <span class='ocr_line' id='line_1_66' title="bbox 1550 2592 2254 2669; baseline 0.006 -20"><span class='ocrx_word' id='word_1_231' title='bbox 1550 2592 1828 2669; x_wconf 86' lang='lat' dir='ltr'>magister</span> <span class='ocrx_word' id='word_1_232' title='bbox 1857 2594 1949 2653; x_wconf 93' lang='lat' dir='ltr'>dic</span> <span class='ocrx_word' id='word_1_233' title='bbox 1976 2626 1991 2640; x_wconf 91' lang='lat'><strong>·</strong></span> <span class='ocrx_word' id='word_1_234' title='bbox 2050 2594 2093 2627; x_wconf 82' lang='lat'>⁴¹</span> <span class='ocrx_word' id='word_1_235' title='bbox 2116 2594 2254 2653; x_wconf 92' lang='lat' dir='ltr'>Duo</span> 
     </span>
     <span class='ocr_line' id='line_1_67' title="bbox 1551 2685 2041 2747; baseline 0.008 -5"><span class='ocrx_word' id='word_1_236' title='bbox 1551 2685 1843 2744; x_wconf 91' lang='lat' dir='ltr'>debitores</span> <span class='ocrx_word' id='word_1_237' title='bbox 1873 2699 2041 2747; x_wconf 89' lang='lat' dir='ltr'>erant</span> 
     </span>
     <span class='ocr_line' id='line_1_68' title="bbox 1550 2779 2160 2841; baseline 0.008 -4"><span class='ocrx_word' id='word_1_238' title='bbox 1550 2779 1783 2838; x_wconf 88' lang='lat' dir='ltr'>cuidam</span> <span class='ocrx_word' id='word_1_239' title='bbox 1814 2779 2124 2841; x_wconf 89' lang='lat' dir='ltr'>feneratori</span> <span class='ocrx_word' id='word_1_240' title='bbox 2146 2814 2160 2829; x_wconf 93' lang='lat'><strong>·</strong></span> 
     </span>
     <span class='ocr_line' id='line_1_69' title="bbox 1549 2871 2180 2935; baseline 0.01 -6"><span class='ocrx_word' id='word_1_241' title='bbox 1549 2871 1718 2931; x_wconf 92' lang='lat' dir='ltr'>Unus</span> <span class='ocrx_word' id='word_1_242' title='bbox 1747 2873 1997 2933; x_wconf 87' lang='lat' dir='ltr'>debebat</span> <span class='ocrx_word' id='word_1_243' title='bbox 2027 2876 2180 2935; x_wconf 87' lang='lat' dir='ltr'>dena</span> 
     </span>
     <span class='ocr_line' id='line_1_70' title="bbox 1545 2966 2085 3044; baseline 0.009 -21"><span class='ocrx_word' id='word_1_244' title='bbox 1545 2966 1664 3024; x_wconf 93' lang='lat' dir='ltr'>rios</span> <span class='ocrx_word' id='word_1_245' title='bbox 1693 2969 2048 3044; x_wconf 87' lang='lat' dir='ltr'>quingentos</span> <span class='ocrx_word' id='word_1_246' title='bbox 2071 3001 2085 3016; x_wconf 92' lang='lat'><strong>·</strong></span> 
     </span>
    </p>

    <p class='ocr_par' dir='ltr' id='par_1_22' title="bbox 1533 3060 2250 3982">
     <span class='ocr_line' id='line_1_71' title="bbox 1547 3060 2168 3141; baseline 0.008 -23"><span class='ocrx_word' id='word_1_247' title='bbox 1547 3070 1604 3118; x_wconf 89' lang='lat' dir='ltr'>et</span> <span class='ocrx_word' id='word_1_248' title='bbox 1634 3060 1778 3118; x_wconf 90' lang='lat' dir='ltr'>alius</span> <span class='ocrx_word' id='word_1_249' title='bbox 1807 3063 2168 3141; x_wconf 83' lang='lat' dir='ltr'>quinquagin</span> 
     </span>
     <span class='ocr_line' id='line_1_72' title="bbox 1546 3164 2250 3230; baseline 0.01 -7"><span class='ocrx_word' id='word_1_250' title='bbox 1546 3175 1605 3224; x_wconf 91' lang='lat' dir='ltr'>ta</span> <span class='ocrx_word' id='word_1_251' title='bbox 1629 3197 1643 3212; x_wconf 90' lang='lat'><strong>·</strong></span> <span class='ocrx_word' id='word_1_252' title='bbox 1689 3164 1733 3198; x_wconf 81' lang='lat'>⁴²</span> <span class='ocrx_word' id='word_1_253' title='bbox 1750 3185 1873 3226; x_wconf 88' lang='lat' dir='ltr'>non</span> <span class='ocrx_word' id='word_1_254' title='bbox 1903 3168 2250 3230; x_wconf 89' lang='lat' dir='ltr'>habentibus</span> 
     </span>
     <span class='ocr_line' id='line_1_73' title="bbox 1545 3260 2193 3324; baseline 0.011 -7"><span class='ocrx_word' id='word_1_255' title='bbox 1545 3269 1740 3318; x_wconf 88' lang='lat' dir='ltr'>autem</span> <span class='ocrx_word' id='word_1_256' title='bbox 1770 3260 1877 3319; x_wconf 90' lang='lat' dir='ltr'>illis</span> <span class='ocrx_word' id='word_1_257' title='bbox 1907 3263 2060 3321; x_wconf 92' lang='lat' dir='ltr'>unde</span> <span class='ocrx_word' id='word_1_258' title='bbox 2089 3265 2193 3324; x_wconf 90' lang='lat' dir='ltr'>red</span> 
     </span>
     <span class='ocr_line' id='line_1_74' title="bbox 1543 3353 2177 3417; baseline 0.008 -6"><span class='ocrx_word' id='word_1_259' title='bbox 1543 3353 1711 3412; x_wconf 88' lang='lat' dir='ltr'>dere·</span> <span class='ocrx_word' id='word_1_260' title='bbox 1773 3356 2010 3415; x_wconf 90' lang='lat' dir='ltr'>donauit</span> <span class='ocrx_word' id='word_1_261' title='bbox 2038 3360 2177 3417; x_wconf 88' lang='lat' dir='ltr'>utris</span> 
     </span>
     <span class='ocr_line' id='line_1_75' title="bbox 1540 3450 2149 3528; baseline 0.013 -24"><span class='ocrx_word' id='word_1_262' title='bbox 1540 3466 1654 3525; x_wconf 92' lang='lat' dir='ltr'>que</span> <span class='ocrx_word' id='word_1_263' title='bbox 1675 3479 1689 3494; x_wconf 92' lang='lat'><strong>·</strong></span> <span class='ocrx_word' id='word_1_264' title='bbox 1749 3450 1879 3526; x_wconf 91' lang='lat' dir='ltr'>quis</span> <span class='ocrx_word' id='word_1_265' title='bbox 1906 3469 2046 3528; x_wconf 87' lang='lat' dir='ltr'>ergo</span> <span class='ocrx_word' id='word_1_266' title='bbox 2075 3458 2149 3511; x_wconf 79' lang='lat' dir='ltr'>eii</span> 
     </span>
     <span class='ocr_line' id='line_1_76' title="bbox 1539 3542 2166 3620; baseline 0.008 -21"><span class='ocrx_word' id='word_1_267' title='bbox 1539 3542 1670 3619; x_wconf 90' lang='lat' dir='ltr'>plus</span> <span class='ocrx_word' id='word_1_268' title='bbox 1701 3542 1919 3620; x_wconf 90' lang='lat' dir='ltr'>diligit·</span> <span class='ocrx_word' id='word_1_269' title='bbox 1982 3545 2025 3576; x_wconf 84' lang='lat'>⁴³</span> <span class='ocrx_word' id='word_1_270' title='bbox 2045 3545 2166 3605; x_wconf 89' lang='lat' dir='ltr'>Res</span> 
     </span>
     <span class='ocr_line' id='line_1_77' title="bbox 1537 3637 2191 3712; baseline 0.008 -18"><span class='ocrx_word' id='word_1_271' title='bbox 1537 3637 1746 3712; x_wconf 91' lang='lat' dir='ltr'>pondit</span> <span class='ocrx_word' id='word_1_272' title='bbox 1774 3647 1969 3696; x_wconf 90' lang='lat' dir='ltr'>autem</span> <span class='ocrx_word' id='word_1_273' title='bbox 1999 3640 2191 3699; x_wconf 87' lang='lat' dir='ltr'>simon</span> 
     </span>
     <span class='ocr_line' id='line_1_78' title="bbox 1537 3731 2111 3793; baseline 0.007 -5"><span class='ocrx_word' id='word_1_274' title='bbox 1537 3740 1595 3788; x_wconf 91' lang='lat' dir='ltr'>et</span> <span class='ocrx_word' id='word_1_275' title='bbox 1623 3731 1802 3789; x_wconf 86' lang='lat' dir='ltr'>dixit·</span> <span class='ocrx_word' id='word_1_276' title='bbox 1864 3734 2111 3793; x_wconf 91' lang='lat' dir='ltr'>aestimo</span> 
     </span>
     <span class='ocr_line' id='line_1_79' title="bbox 1534 3825 2176 3904; baseline 0.012 -23"><span class='ocrx_word' id='word_1_277' title='bbox 1534 3825 1669 3901; x_wconf 91' lang='lat' dir='ltr'>quia</span> <span class='ocrx_word' id='word_1_278' title='bbox 1697 3825 1786 3884; x_wconf 89' lang='lat' dir='ltr'>his</span> <span class='ocrx_word' id='word_1_279' title='bbox 1817 3827 1910 3885; x_wconf 91' lang='lat' dir='ltr'>cui</span> <span class='ocrx_word' id='word_1_280' title='bbox 1938 3827 2068 3904; x_wconf 91' lang='lat' dir='ltr'>plus</span> <span class='ocrx_word' id='word_1_281' title='bbox 2099 3827 2176 3889; x_wconf 94' lang='lat' dir='ltr'>do</span> 
     </span>
     <span class='ocr_line' id='line_1_80' title="bbox 1533 3920 2234 3982; baseline 0.009 -6"><span class='ocrx_word' id='word_1_282' title='bbox 1533 3921 1693 3978; x_wconf 85' lang='lat' dir='ltr'>nauit</span> <span class='ocrx_word' id='word_1_283' title='bbox 1715 3950 1729 3965; x_wconf 92' lang='lat'><strong>·</strong></span> <span class='ocrx_word' id='word_1_284' title='bbox 1773 3930 1832 3979; x_wconf 90' lang='lat' dir='ltr'>at</span> <span class='ocrx_word' id='word_1_285' title='bbox 1861 3920 1951 3979; x_wconf 90' lang='lat' dir='ltr'>ille</span> <span class='ocrx_word' id='word_1_286' title='bbox 1975 3920 2117 3981; x_wconf 80' lang='lat' dir='ltr'>dixit</span> <span class='ocrx_word' id='word_1_287' title='bbox 2145 3924 2234 3982; x_wconf 92' lang='lat' dir='ltr'>ei·</span> 
     </span>
    </p>
   </div>
   <div class='ocr_carea' id='block_1_12' title="bbox 779 4009 2209 4077">
    <p class='ocr_par' dir='ltr' id='par_1_23' title="bbox 779 4009 2209 4077">
     <span class='ocr_line' id='line_1_81' title="bbox 779 4009 2209 4077; baseline 0.008 -13"><span class='ocrx_word' id='word_1_288' title='bbox 779 4015 866 4065; x_wconf 88' lang='lat' dir='ltr'>ret</span> <span class='ocrx_word' id='word_1_289' title='bbox 895 4025 1029 4065; x_wconf 90' lang='lat' dir='ltr'>cum</span> <span class='ocrx_word' id='word_1_290' title='bbox 1059 4009 1157 4067; x_wconf 93' lang='lat' dir='ltr'>illo</span> <span class='ocrx_word' id='word_1_291' title='bbox 1179 4040 1192 4054; x_wconf 94' lang='lat'><strong>·</strong></span> <span class='ocrx_word' id='word_1_292' title='bbox 1256 4009 1333 4067; x_wconf 89' lang='lat' dir='ltr'>Et</span> <span class='ocrx_word' id='word_1_293' title='bbox 1362 4011 1423 4068; x_wconf 90' lang='lat' dir='ltr'>in</span> <span class='ocrx_word' id='word_1_294' title='bbox 1530 4024 1685 4072; x_wconf 92' lang='lat' dir='ltr'>recte</span> <span class='ocrx_word' id='word_1_295' title='bbox 1713 4014 1967 4072; x_wconf 78' lang='lat' dir='ltr'>iudica⁸ti</span> <span class='ocrx_word' id='word_1_296' title='bbox 1988 4048 2001 4062; x_wconf 93' lang='lat'><strong>·</strong></span> <span class='ocrx_word' id='word_1_297' title='bbox 2065 4017 2111 4049; x_wconf 81' lang='lat'>⁴⁴</span> <span class='ocrx_word' id='word_1_298' title='bbox 2131 4017 2209 4077; x_wconf 87' lang='lat' dir='ltr'>Et</span> 
     </span>
    </p>
   </div>
   <div class='ocr_carea' id='block_1_13' title="bbox 776 4103 1371 4255">
    <p class='ocr_par' dir='ltr' id='par_1_24' title="bbox 776 4103 1371 4255">
     <span class='ocr_line' id='line_1_82' title="bbox 777 4103 1371 4175; baseline 0.007 -18"><span class='ocrx_word' id='word_1_299' title='bbox 777 4118 1011 4175; x_wconf 87' lang='lat' dir='ltr'>gressus</span> <span class='ocrx_word' id='word_1_300' title='bbox 1040 4103 1101 4160; x_wconf 91' lang='lat' dir='ltr'>in</span> <span class='ocrx_word' id='word_1_301' title='bbox 1129 4103 1371 4162; x_wconf 90' lang='lat' dir='ltr'>domum</span> 
     </span>
     <span class='ocr_line' id='line_1_83' title="bbox 776 4193 1315 4255; baseline 0.007 -4"><span class='ocrx_word' id='word_1_302' title='bbox 776 4193 1001 4253; x_wconf 87' lang='lat' dir='ltr'>farisaei</span> <span class='ocrx_word' id='word_1_303' title='bbox 1030 4196 1315 4255; x_wconf 91' lang='lat' dir='ltr'>discubuit</span> 
     </span>
    </p>
   </div>
   <div class='ocr_carea' id='block_1_14' title="bbox 1530 4110 2209 4262">
    <p class='ocr_par' dir='ltr' id='par_1_25' title="bbox 1530 4110 2209 4262">
     <span class='ocr_line' id='line_1_84' title="bbox 1531 4110 2123 4168; baseline 0.005 -3"><span class='ocrx_word' id='word_1_304' title='bbox 1531 4124 1853 4165; x_wconf 91' lang='lat' dir='ltr'>conuersus</span> <span class='ocrx_word' id='word_1_305' title='bbox 1882 4110 1955 4166; x_wconf 90' lang='lat' dir='ltr'>ad</span> <span class='ocrx_word' id='word_1_306' title='bbox 1986 4110 2123 4168; x_wconf 88' lang='lat' dir='ltr'>muli</span> 
     </span>
     <span class='ocr_line' id='line_1_85' title="bbox 1530 4202 2209 4262; baseline 0.006 -4"><span class='ocrx_word' id='word_1_307' title='bbox 1530 4219 1721 4259; x_wconf 90' lang='lat' dir='ltr'>erem:</span> <span class='ocrx_word' id='word_1_308' title='bbox 1742 4202 1886 4259; x_wconf 87' lang='lat' dir='ltr'>dixit</span> <span class='ocrx_word' id='word_1_309' title='bbox 1958 4204 2171 4262; x_wconf 89' lang='lat' dir='ltr'>simoni</span> <span class='ocrx_word' id='word_1_310' title='bbox 2195 4235 2209 4251; x_wconf 91' lang='lat'><strong>·</strong></span> 
     </span>
    </p>
   </div>
   <div class='ocr_carea' id='block_1_15' title="bbox 772 4288 2169 4461">
    <p class='ocr_par' dir='ltr' id='par_1_26' title="bbox 772 4288 2169 4461">
     <span class='ocr_line' id='line_1_86' title="bbox 773 4288 2142 4356; baseline 0.007 -10"><span class='ocrx_word' id='word_1_311' title='bbox 773 4288 1505 4351; x_wconf 78' lang='lat' dir='ltr'>⁸⁷Eteccemulierinciuita</span> <span class='ocrx_word' id='word_1_312' title='bbox 1527 4295 1691 4353; x_wconf 90' lang='lat' dir='ltr'>uides</span> <span class='ocrx_word' id='word_1_313' title='bbox 1721 4295 1871 4355; x_wconf 86' lang='lat' dir='ltr'>hanc</span> <span class='ocrx_word' id='word_1_314' title='bbox 1901 4297 2142 4356; x_wconf 71' lang='lat' dir='ltr'>muliere</span> 
     </span>
     <span class='ocr_line' id='line_1_87' title="bbox 772 4387 2169 4461; baseline 0.005 -19"><span class='ocrx_word' id='word_1_315' title='bbox 772 4391 854 4442; x_wconf 91' lang='lat' dir='ltr'>te·</span> <span class='ocrx_word' id='word_1_316' title='bbox 884 4402 997 4460; x_wconf 92' lang='lat' dir='ltr'>que</span> <span class='ocrx_word' id='word_1_317' title='bbox 1016 4394 1136 4443; x_wconf 88' lang='lat' dir='ltr'>erat</span> <span class='ocrx_word' id='word_1_318' title='bbox 1158 4387 1476 4461; x_wconf 82' lang='lat' dir='ltr'>peccatrix·</span> <span class='ocrx_word' id='word_1_319' title='bbox 1527 4388 1734 4447; x_wconf 88' lang='lat' dir='ltr'>intraui</span> <span class='ocrx_word' id='word_1_320' title='bbox 1764 4389 1823 4446; x_wconf 89' lang='lat' dir='ltr'>in</span> <span class='ocrx_word' id='word_1_321' title='bbox 1858 4389 2040 4449; x_wconf 69' lang='lat' dir='ltr'>domu</span> <span class='ocrx_word' id='word_1_322' title='bbox 2070 4397 2169 4450; x_wconf 71' lang='lat' dir='ltr'>tua</span> 
     </span>
    </p>
   </div>
   <div class='ocr_carea' id='block_1_16' title="bbox 2351 680 3061 3323">
    <p class='ocr_par' dir='ltr' id='par_1_27' title="bbox 2365 680 3037 1792">
     <span class='ocr_line' id='line_1_88' title="bbox 2374 680 2986 740; baseline 0 -2"><span class='ocrx_word' id='word_1_323' title='bbox 2374 680 2540 738; x_wconf 89' lang='lat' dir='ltr'>Haec</span> <span class='ocrx_word' id='word_1_324' title='bbox 2570 692 2763 740; x_wconf 89' lang='lat' dir='ltr'>autem</span> <span class='ocrx_word' id='word_1_325' title='bbox 2847 681 2986 740; x_wconf 88' lang='lat' dir='ltr'>lacri</span> 
     </span>
     <span class='ocr_line' id='line_1_89' title="bbox 2372 774 2968 853; baseline 0.007 -22"><span class='ocrx_word' id='word_1_326' title='bbox 2372 774 2484 833; x_wconf 91' lang='lat' dir='ltr'>mis</span> <span class='ocrx_word' id='word_1_327' title='bbox 2512 775 2631 833; x_wconf 90' lang='lat' dir='ltr'>suis</span> <span class='ocrx_word' id='word_1_328' title='bbox 2659 776 2868 851; x_wconf 87' lang='lat' dir='ltr'>rigauit</span> <span class='ocrx_word' id='word_1_329' title='bbox 2895 795 2968 853; x_wconf 91' lang='lat' dir='ltr'>pe</span> 
     </span>
     <span class='ocr_line' id='line_1_90' title="bbox 2374 869 2994 948; baseline 0.002 -21"><span class='ocrx_word' id='word_1_330' title='bbox 2374 869 2477 927; x_wconf 90' lang='lat' dir='ltr'>des</span> <span class='ocrx_word' id='word_1_331' title='bbox 2506 887 2673 928; x_wconf 87' lang='lat' dir='ltr'>meos</span> <span class='ocrx_word' id='word_1_332' title='bbox 2758 880 2816 928; x_wconf 89' lang='lat' dir='ltr'>et</span> <span class='ocrx_word' id='word_1_333' title='bbox 2842 871 2994 948; x_wconf 86' lang='lat' dir='ltr'>capil</span> 
     </span>
     <span class='ocr_line' id='line_1_91' title="bbox 2372 962 3004 1023; baseline 0.006 -4"><span class='ocrx_word' id='word_1_334' title='bbox 2372 962 2439 1021; x_wconf 88' lang='lat' dir='ltr'>lis</span> <span class='ocrx_word' id='word_1_335' title='bbox 2469 964 2586 1021; x_wconf 90' lang='lat' dir='ltr'>suis</span> <span class='ocrx_word' id='word_1_336' title='bbox 2615 964 2773 1022; x_wconf 92' lang='lat' dir='ltr'>tersit</span> <span class='ocrx_word' id='word_1_337' title='bbox 2793 995 2807 1010; x_wconf 92' lang='lat'><strong>·</strong></span> <span class='ocrx_word' id='word_1_338' title='bbox 2869 963 2914 996; x_wconf 77' lang='lat'>⁴⁶</span> <span class='ocrx_word' id='word_1_339' title='bbox 2936 982 3004 1023; x_wconf 93' lang='lat' dir='ltr'>os</span> 
     </span>
     <span class='ocr_line' id='line_1_92' title="bbox 2370 1056 2988 1118; baseline 0.005 -3"><span class='ocrx_word' id='word_1_340' title='bbox 2370 1056 2565 1115; x_wconf 90' lang='lat' dir='ltr'>culum</span> <span class='ocrx_word' id='word_1_341' title='bbox 2595 1058 2736 1115; x_wconf 90' lang='lat' dir='ltr'>mihi</span> <span class='ocrx_word' id='word_1_342' title='bbox 2764 1076 2887 1117; x_wconf 90' lang='lat' dir='ltr'>non</span> <span class='ocrx_word' id='word_1_343' title='bbox 2917 1058 2988 1118; x_wconf 91' lang='lat' dir='ltr'>de</span> 
     </span>
     <span class='ocr_line' id='line_1_93' title="bbox 2371 1150 3037 1213; baseline 0.008 -5"><span class='ocrx_word' id='word_1_344' title='bbox 2371 1150 2502 1209; x_wconf 87' lang='lat' dir='ltr'>disti</span> <span class='ocrx_word' id='word_1_345' title='bbox 2527 1183 2575 1198; x_wconf 92' lang='lat'>··</span> <span class='ocrx_word' id='word_1_346' title='bbox 2644 1151 2814 1211; x_wconf 91' lang='lat' dir='ltr'>Haec</span> <span class='ocrx_word' id='word_1_347' title='bbox 2842 1163 3037 1213; x_wconf 89' lang='lat' dir='ltr'>autem</span> 
     </span>
     <span class='ocr_line' id='line_1_94' title="bbox 2368 1246 2977 1323; baseline 0.005 -19"><span class='ocrx_word' id='word_1_348' title='bbox 2368 1264 2442 1304; x_wconf 84' lang='lat' dir='ltr'>ex</span> <span class='ocrx_word' id='word_1_349' title='bbox 2472 1264 2591 1323; x_wconf 91' lang='lat' dir='ltr'>quo</span> <span class='ocrx_word' id='word_1_350' title='bbox 2620 1246 2824 1304; x_wconf 88' lang='lat' dir='ltr'>intraui</span> <span class='ocrx_word' id='word_1_351' title='bbox 2855 1266 2977 1307; x_wconf 90' lang='lat' dir='ltr'>non</span> 
     </span>
     <span class='ocr_line' id='line_1_95' title="bbox 2367 1340 2888 1399; baseline 0 -1"><span class='ocrx_word' id='word_1_352' title='bbox 2367 1340 2614 1398; x_wconf 89' lang='lat' dir='ltr'>cessauit</span> <span class='ocrx_word' id='word_1_353' title='bbox 2641 1340 2888 1399; x_wconf 83' lang='lat' dir='ltr'>osculari</span> 
     </span>
     <span class='ocr_line' id='line_1_96' title="bbox 2367 1433 3027 1510; baseline 0.008 -19"><span class='ocrx_word' id='word_1_354' title='bbox 2367 1433 2546 1510; x_wconf 89' lang='lat' dir='ltr'>pedes</span> <span class='ocrx_word' id='word_1_355' title='bbox 2574 1451 2740 1492; x_wconf 91' lang='lat' dir='ltr'>meos</span> <span class='ocrx_word' id='word_1_356' title='bbox 2759 1466 2772 1480; x_wconf 93' lang='lat'><strong>·</strong></span> <span class='ocrx_word' id='word_1_357' title='bbox 2833 1436 2876 1467; x_wconf 79' lang='lat'>⁴⁸</span> <span class='ocrx_word' id='word_1_358' title='bbox 2893 1436 3027 1496; x_wconf 91' lang='lat' dir='ltr'>oleo</span> 
     </span>
     <span class='ocr_line' id='line_1_97' title="bbox 2369 1528 2972 1607; baseline 0.005 -23"><span class='ocrx_word' id='word_1_359' title='bbox 2369 1546 2489 1586; x_wconf 89' lang='lat' dir='ltr'>non</span> <span class='ocrx_word' id='word_1_360' title='bbox 2515 1528 2768 1586; x_wconf 85' lang='lat' dir='ltr'>unexisti</span> <span class='ocrx_word' id='word_1_361' title='bbox 2796 1539 2972 1607; x_wconf 88' lang='lat' dir='ltr'>caput</span> 
     </span>
     <span class='ocr_line' id='line_1_98' title="bbox 2367 1622 2996 1682; baseline 0.006 -4"><span class='ocrx_word' id='word_1_362' title='bbox 2367 1638 2566 1679; x_wconf 90' lang='lat' dir='ltr'>meum</span> <span class='ocrx_word' id='word_1_363' title='bbox 2587 1652 2601 1667; x_wconf 92' lang='lat'><strong>·</strong></span> <span class='ocrx_word' id='word_1_364' title='bbox 2664 1622 2832 1681; x_wconf 90' lang='lat' dir='ltr'>Haec</span> <span class='ocrx_word' id='word_1_365' title='bbox 2863 1628 2996 1682; x_wconf 69' lang='lat' dir='ltr'>aute</span> 
     </span>
     <span class='ocr_line' id='line_1_99' title="bbox 2365 1718 2940 1792; baseline 0.007 -20"><span class='ocrx_word' id='word_1_366' title='bbox 2365 1726 2665 1792; x_wconf 89' lang='lat' dir='ltr'>unguento</span> <span class='ocrx_word' id='word_1_367' title='bbox 2698 1718 2902 1776; x_wconf 81' lang='lat' dir='ltr'>uncxit</span> <span class='ocrx_word' id='word_1_368' title='bbox 2925 1748 2940 1763; x_wconf 93' lang='lat'><strong>·</strong></span> 
     </span>
    </p>

    <p class='ocr_par' dir='ltr' id='par_1_28' title="bbox 2356 1810 3061 2851">
     <span class='ocr_line' id='line_1_100' title="bbox 2364 1810 3020 1889; baseline 0.008 -22"><span class='ocrx_word' id='word_1_369' title='bbox 2364 1810 2410 1843; x_wconf 81' lang='lat'>⁴⁷</span> <span class='ocrx_word' id='word_1_370' title='bbox 2427 1810 2671 1886; x_wconf 91' lang='lat' dir='ltr'>Propter</span> <span class='ocrx_word' id='word_1_371' title='bbox 2699 1813 2858 1889; x_wconf 88' lang='lat' dir='ltr'>quod</span> <span class='ocrx_word' id='word_1_372' title='bbox 2886 1812 3020 1872; x_wconf 93' lang='lat' dir='ltr'>dico</span> 
     </span>
     <span class='ocr_line' id='line_1_101' title="bbox 2365 1904 2980 1965; baseline 0.003 -3"><span class='ocrx_word' id='word_1_373' title='bbox 2365 1904 2502 1962; x_wconf 88' lang='lat' dir='ltr'>tibi·</span> <span class='ocrx_word' id='word_1_374' title='bbox 2577 1908 2820 1964; x_wconf 89' lang='lat' dir='ltr'>remissa</span> <span class='ocrx_word' id='word_1_375' title='bbox 2848 1918 2980 1965; x_wconf 92' lang='lat' dir='ltr'>sunt</span> 
     </span>
     <span class='ocr_line' id='line_1_102' title="bbox 2365 2001 2977 2075; baseline 0.003 -17"><span class='ocrx_word' id='word_1_376' title='bbox 2365 2008 2608 2075; x_wconf 88' lang='lat' dir='ltr'>peccata</span> <span class='ocrx_word' id='word_1_377' title='bbox 2636 2001 2761 2059; x_wconf 90' lang='lat' dir='ltr'>eius</span> <span class='ocrx_word' id='word_1_378' title='bbox 2795 2001 2977 2060; x_wconf 90' lang='lat' dir='ltr'>multa</span> 
     </span>
     <span class='ocr_line' id='line_1_103' title="bbox 2364 2094 2946 2171; baseline 0.003 -20"><span class='ocrx_word' id='word_1_379' title='bbox 2364 2098 2507 2171; x_wconf 72' lang='lat' dir='ltr'>qum</span> <span class='ocrx_word' id='word_1_380' title='bbox 2536 2094 2734 2152; x_wconf 84' lang='lat' dir='ltr'>dilexit</span> <span class='ocrx_word' id='word_1_381' title='bbox 2761 2095 2946 2153; x_wconf 74' lang='lat' dir='ltr'>multu</span> 
     </span>
     <span class='ocr_line' id='line_1_104' title="bbox 2365 2186 3035 2248; baseline 0.003 -2"><span class='ocrx_word' id='word_1_382' title='bbox 2365 2186 2476 2246; x_wconf 92' lang='lat' dir='ltr'>Cui</span> <span class='ocrx_word' id='word_1_383' title='bbox 2505 2198 2700 2246; x_wconf 90' lang='lat' dir='ltr'>autem</span> <span class='ocrx_word' id='word_1_384' title='bbox 2735 2188 3035 2248; x_wconf 90' lang='lat' dir='ltr'>modicum</span> 
     </span>
     <span class='ocr_line' id='line_1_105' title="bbox 2361 2280 2961 2342; baseline 0.003 -3"><span class='ocrx_word' id='word_1_385' title='bbox 2361 2280 2661 2340; x_wconf 88' lang='lat' dir='ltr'>dimittitur</span> <span class='ocrx_word' id='word_1_386' title='bbox 2729 2284 2961 2342; x_wconf 89' lang='lat' dir='ltr'>modice</span> 
     </span>
     <span class='ocr_line' id='line_1_106' title="bbox 2362 2375 3061 2452; baseline 0.007 -19"><span class='ocrx_word' id='word_1_387' title='bbox 2362 2375 2549 2452; x_wconf 89' lang='lat' dir='ltr'>diligit</span> <span class='ocrx_word' id='word_1_388' title='bbox 2572 2408 2585 2422; x_wconf 94' lang='lat'><strong>·</strong></span> <span class='ocrx_word' id='word_1_389' title='bbox 2634 2376 2677 2408; x_wconf 81' lang='lat'>⁴⁸</span> <span class='ocrx_word' id='word_1_390' title='bbox 2694 2376 2858 2437; x_wconf 82' lang='lat' dir='ltr'>Dixit</span> <span class='ocrx_word' id='word_1_391' title='bbox 2875 2378 2952 2437; x_wconf 90' lang='lat' dir='ltr'>illi</span> <span class='ocrx_word' id='word_1_392' title='bbox 2973 2379 3061 2438; x_wconf 83' lang='lat' dir='ltr'>ihs</span> 
     </span>
     <span class='ocr_line' id='line_1_107' title="bbox 2360 2507 2897 2569; baseline 0.009 -5"><span class='ocrx_word' id='word_1_393' title='bbox 2360 2507 2602 2565; x_wconf 89' lang='lat' dir='ltr'>remissa</span> <span class='ocrx_word' id='word_1_394' title='bbox 2630 2520 2763 2567; x_wconf 91' lang='lat' dir='ltr'>sunt</span> <span class='ocrx_word' id='word_1_395' title='bbox 2795 2510 2897 2569; x_wconf 89' lang='lat' dir='ltr'>tibi</span> 
     </span>
     <span class='ocr_line' id='line_1_108' title="bbox 2358 2602 3032 2683; baseline 0.01 -25"><span class='ocrx_word' id='word_1_396' title='bbox 2358 2612 2601 2675; x_wconf 90' lang='lat' dir='ltr'>peccata</span> <span class='ocrx_word' id='word_1_397' title='bbox 2622 2633 2635 2647; x_wconf 94' lang='lat'><strong>·</strong></span> <span class='ocrx_word' id='word_1_398' title='bbox 2675 2602 2719 2634; x_wconf 84' lang='lat'>⁴⁹</span> <span class='ocrx_word' id='word_1_399' title='bbox 2740 2603 2817 2661; x_wconf 89' lang='lat' dir='ltr'>Et</span> <span class='ocrx_word' id='word_1_400' title='bbox 2847 2622 3032 2683; x_wconf 87' lang='lat' dir='ltr'>coepe</span> 
     </span>
     <span class='ocr_line' id='line_1_109' title="bbox 2356 2697 2860 2772; baseline 0.012 -22"><span class='ocrx_word' id='word_1_401' title='bbox 2356 2704 2489 2752; x_wconf 90' lang='lat' dir='ltr'>runt</span> <span class='ocrx_word' id='word_1_402' title='bbox 2519 2697 2770 2772; x_wconf 89' lang='lat' dir='ltr'>quismul</span> <span class='ocrx_word' id='word_1_403' title='bbox 2799 2716 2860 2756; x_wconf 92' lang='lat' dir='ltr'>re</span> 
     </span>
     <span class='ocr_line' id='line_1_110' title="bbox 2357 2790 2828 2851; baseline 0.011 -5"><span class='ocrx_word' id='word_1_404' title='bbox 2357 2790 2672 2847; x_wconf 90' lang='lat' dir='ltr'>cumbebat</span> <span class='ocrx_word' id='word_1_405' title='bbox 2691 2790 2828 2851; x_wconf 87' lang='lat' dir='ltr'>dice</span> 
     </span>
    </p>

    <p class='ocr_par' dir='ltr' id='par_1_29' title="bbox 2351 2882 3035 3323">
     <span class='ocr_line' id='line_1_111' title="bbox 2354 2882 3029 2962; baseline 0.012 -24"><span class='ocrx_word' id='word_1_406' title='bbox 2354 2900 2415 2939; x_wconf 92' lang='lat' dir='ltr'>re</span> <span class='ocrx_word' id='word_1_407' title='bbox 2446 2882 2595 2943; x_wconf 88' lang='lat' dir='ltr'>intra</span> <span class='ocrx_word' id='word_1_408' title='bbox 2623 2901 2684 2941; x_wconf 87' lang='lat' dir='ltr'>se</span> <span class='ocrx_word' id='word_1_409' title='bbox 2705 2914 2718 2930; x_wconf 91' lang='lat'><strong>·</strong></span> <span class='ocrx_word' id='word_1_410' title='bbox 2780 2886 2909 2962; x_wconf 93' lang='lat' dir='ltr'>quis</span> <span class='ocrx_word' id='word_1_411' title='bbox 2942 2898 3029 2946; x_wconf 89' lang='lat' dir='ltr'>est</span> 
     </span>
     <span class='ocr_line' id='line_1_112' title="bbox 2353 2974 3035 3057; baseline 0.015 -25"><span class='ocrx_word' id='word_1_412' title='bbox 2353 2974 2447 3034; x_wconf 91' lang='lat' dir='ltr'>hic</span> <span class='ocrx_word' id='word_1_413' title='bbox 2518 2979 2617 3053; x_wconf 91' lang='lat' dir='ltr'>qui</span> <span class='ocrx_word' id='word_1_414' title='bbox 2645 2979 2823 3037; x_wconf 90' lang='lat' dir='ltr'>etiam</span> <span class='ocrx_word' id='word_1_415' title='bbox 2852 3000 3035 3057; x_wconf 87' lang='lat' dir='ltr'>pecca</span> 
     </span>
     <span class='ocr_line' id='line_1_113' title="bbox 2355 3072 3018 3136; baseline 0.014 -10"><span class='ocrx_word' id='word_1_416' title='bbox 2355 3080 2413 3127; x_wconf 90' lang='lat' dir='ltr'>ta</span> <span class='ocrx_word' id='word_1_417' title='bbox 2441 3072 2691 3130; x_wconf 91' lang='lat' dir='ltr'>remittet</span> <span class='ocrx_word' id='word_1_418' title='bbox 2709 3104 2723 3119; x_wconf 91' lang='lat'><strong>·</strong></span> <span class='ocrx_word' id='word_1_419' title='bbox 2787 3073 2834 3106; x_wconf 80' lang='lat'>⁵⁰</span> <span class='ocrx_word' id='word_1_420' title='bbox 2854 3074 3018 3136; x_wconf 84' lang='lat' dir='ltr'>Dixit</span> 
     </span>
     <span class='ocr_line' id='line_1_114' title="bbox 2352 3167 2951 3228; baseline 0.013 -7"><span class='ocrx_word' id='word_1_421' title='bbox 2352 3175 2545 3223; x_wconf 89' lang='lat' dir='ltr'>autem</span> <span class='ocrx_word' id='word_1_422' title='bbox 2573 3167 2649 3226; x_wconf 92' lang='lat' dir='ltr'>ad</span> <span class='ocrx_word' id='word_1_423' title='bbox 2679 3167 2915 3228; x_wconf 69' lang='lat' dir='ltr'>muliere</span> <span class='ocrx_word' id='word_1_424' title='bbox 2938 3201 2951 3217; x_wconf 92' lang='lat'><strong>·</strong></span> 
     </span>
     <span class='ocr_line' id='line_1_115' title="bbox 2351 3257 2957 3323; baseline 0.015 -9"><span class='ocrx_word' id='word_1_425' title='bbox 2351 3257 2494 3316; x_wconf 91' lang='lat' dir='ltr'>fides</span> <span class='ocrx_word' id='word_1_426' title='bbox 2523 3270 2622 3317; x_wconf 91' lang='lat' dir='ltr'>tua</span> <span class='ocrx_word' id='word_1_427' title='bbox 2649 3271 2703 3319; x_wconf 92' lang='lat' dir='ltr'>te</span> <span class='ocrx_word' id='word_1_428' title='bbox 2733 3263 2957 3323; x_wconf 89' lang='lat' dir='ltr'>saluam</span> 
     </span>
    </p>
   </div>
   <div class='ocr_carea' id='block_1_17' title="bbox 2349 3349 3076 3433">
    <p class='ocr_par' dir='ltr' id='par_1_30' title="bbox 2349 3349 3076 3433">
     <span class='ocr_line' id='line_1_116' title="bbox 2349 3349 3076 3433; baseline 0.015 -26"><span class='ocrx_word' id='word_1_429' title='bbox 2349 3349 2483 3410; x_wconf 88' lang='lat' dir='ltr'>fecit</span> <span class='ocrx_word' id='word_1_430' title='bbox 2523 3354 2743 3412; x_wconf 90' lang='lat' dir='ltr'>uadein</span> <span class='ocrx_word' id='word_1_431' title='bbox 2754 3376 2899 3433; x_wconf 88' lang='lat' dir='ltr'>pace</span> <span class='ocrx_word' id='word_1_432' title='bbox 2916 3392 2926 3405; x_wconf 90' lang='lat'><strong>·</strong></span> <span class='ocrx_word' id='word_1_433' title='bbox 2943 3393 2955 3406; x_wconf 92' lang='lat'><strong>·</strong></span> <span class='ocrx_word' id='word_1_434' title='bbox 2969 3392 3076 3416; x_wconf 52' lang='grc' dir='ltr'>ιω</span> 
     </span>
    </p>
   </div>
   <div class='ocr_carea' id='block_1_18' title="bbox 2315 3444 3055 4377">
    <p class='ocr_par' dir='ltr' id='par_1_31' title="bbox 2315 3444 3055 3715">
     <span class='ocr_line' id='line_1_117' title="bbox 2316 3444 3055 3517; baseline 0.02 -15"><span class='ocrx_word' id='word_1_435' title='bbox 2316 3444 2414 3504; x_wconf 88' lang='grc'>*8.</span> <span class='ocrx_word' id='word_1_436' title='bbox 2444 3444 2463 3477; x_wconf 87' lang='lat'>¹</span> <span class='ocrx_word' id='word_1_437' title='bbox 2483 3445 2557 3504; x_wconf 90' lang='lat' dir='ltr'>Et</span> <span class='ocrx_word' id='word_1_438' title='bbox 2576 3448 2791 3509; x_wconf 85' lang='lat' dir='ltr'>facturn</span> <span class='ocrx_word' id='word_1_439' title='bbox 2816 3464 2902 3512; x_wconf 92' lang='lat' dir='ltr'>est</span> <span class='ocrx_word' id='word_1_440' title='bbox 2920 3455 3055 3517; x_wconf 91' lang='lat' dir='ltr'>dein</span> 
     </span>
     <span class='ocr_line' id='line_1_118' title="bbox 2316 3539 2934 3621; baseline 0.018 -25"><span class='ocrx_word' id='word_1_441' title='bbox 2316 3539 2490 3617; x_wconf 86' lang='lat' dir='ltr'>*ceps</span> <span class='ocrx_word' id='word_1_442' title='bbox 2514 3571 2527 3587; x_wconf 92' lang='lat'><strong>·</strong></span> <span class='ocrx_word' id='word_1_443' title='bbox 2590 3553 2646 3602; x_wconf 91' lang='lat' dir='ltr'>et</span> <span class='ocrx_word' id='word_1_444' title='bbox 2675 3545 2799 3621; x_wconf 91' lang='lat' dir='ltr'>ipse</span> <span class='ocrx_word' id='word_1_445' title='bbox 2830 3548 2934 3607; x_wconf 92' lang='lat' dir='ltr'>iter</span> 
     </span>
     <span class='ocr_line' id='line_1_119' title="bbox 2315 3631 2862 3715; baseline 0.018 -25"><span class='ocrx_word' id='word_1_446' title='bbox 2315 3631 2597 3696; x_wconf 80' lang='lat' dir='ltr'>*faciebat</span> <span class='ocrx_word' id='word_1_447' title='bbox 2623 3656 2729 3715; x_wconf 92' lang='lat' dir='ltr'>per</span> <span class='ocrx_word' id='word_1_448' title='bbox 2749 3641 2862 3699; x_wconf 91' lang='lat' dir='ltr'>ciui</span> 
     </span>
    </p>

    <p class='ocr_par' dir='ltr' id='par_1_32' title="bbox 2343 3735 2980 3998">
     <span class='ocr_line' id='line_1_120' title="bbox 2347 3735 2842 3794; baseline 0.014 -7"><span class='ocrx_word' id='word_1_449' title='bbox 2347 3738 2494 3789; x_wconf 90' lang='lat' dir='ltr'>tates</span> <span class='ocrx_word' id='word_1_450' title='bbox 2523 3741 2581 3790; x_wconf 93' lang='lat' dir='ltr'>et</span> <span class='ocrx_word' id='word_1_451' title='bbox 2610 3735 2842 3794; x_wconf 90' lang='lat' dir='ltr'>castella</span> 
     </span>
     <span class='ocr_line' id='line_1_121' title="bbox 2343 3824 2980 3899; baseline 0.016 -19"><span class='ocrx_word' id='word_1_452' title='bbox 2343 3824 2648 3899; x_wconf 89' lang='lat' dir='ltr'>predicans</span> <span class='ocrx_word' id='word_1_453' title='bbox 2669 3858 2682 3872; x_wconf 95' lang='lat'><strong>·</strong></span> <span class='ocrx_word' id='word_1_454' title='bbox 2744 3838 2801 3888; x_wconf 93' lang='lat' dir='ltr'>et</span> <span class='ocrx_word' id='word_1_455' title='bbox 2830 3848 2980 3889; x_wconf 91' lang='lat' dir='ltr'>euan</span> 
     </span>
     <span class='ocr_line' id='line_1_122' title="bbox 2343 3918 2880 3998; baseline 0.015 -24"><span class='ocrx_word' id='word_1_456' title='bbox 2343 3918 2598 3993; x_wconf 89' lang='lat' dir='ltr'>gelizans</span> <span class='ocrx_word' id='word_1_457' title='bbox 2635 3940 2880 3998; x_wconf 88' lang='lat' dir='ltr'>regnum</span> 
     </span>
    </p>

    <p class='ocr_par' dir='ltr' id='par_1_33' title="bbox 2335 4012 3015 4377">
     <span class='ocr_line' id='line_1_123' title="bbox 2341 4012 3015 4078; baseline 0.012 -8"><span class='ocrx_word' id='word_1_458' title='bbox 2341 4012 2434 4070; x_wconf 82' lang='lat' dir='ltr'>di·</span> <span class='ocrx_word' id='word_1_459' title='bbox 2498 4027 2556 4074; x_wconf 92' lang='lat' dir='ltr'>et</span> <span class='ocrx_word' id='word_1_460' title='bbox 2585 4016 2898 4077; x_wconf 92' lang='lat' dir='ltr'>duodecim</span> <span class='ocrx_word' id='word_1_461' title='bbox 2927 4020 3015 4078; x_wconf 87' lang='lat' dir='ltr'>dis</span> 
     </span>
     <span class='ocr_line' id='line_1_124' title="bbox 2340 4111 3001 4188; baseline 0.008 -19"><span class='ocrx_word' id='word_1_462' title='bbox 2340 4111 2516 4188; x_wconf 89' lang='lat' dir='ltr'>cipuli</span> <span class='ocrx_word' id='word_1_463' title='bbox 2546 4129 2680 4170; x_wconf 90' lang='lat' dir='ltr'>cum</span> <span class='ocrx_word' id='word_1_464' title='bbox 2710 4113 2806 4172; x_wconf 91' lang='lat' dir='ltr'>illo</span> <span class='ocrx_word' id='word_1_465' title='bbox 2828 4143 2841 4159; x_wconf 92' lang='lat'><strong>·</strong></span> <span class='ocrx_word' id='word_1_466' title='bbox 2905 4111 3001 4174; x_wconf 81' lang='lat' dir='ltr'>²et</span> 
     </span>
     <span class='ocr_line' id='line_1_125' title="bbox 2339 4205 2985 4283; baseline 0.008 -21"><span class='ocrx_word' id='word_1_467' title='bbox 2339 4205 2610 4264; x_wconf 88' lang='lat' dir='ltr'>mulieres</span> <span class='ocrx_word' id='word_1_468' title='bbox 2640 4224 2789 4283; x_wconf 91' lang='lat' dir='ltr'>quae</span> <span class='ocrx_word' id='word_1_469' title='bbox 2820 4218 2985 4268; x_wconf 87' lang='lat' dir='ltr'>erant</span> 
     </span>
     <span class='ocr_line' id='line_1_126' title="bbox 2335 4300 2908 4377; baseline 0.016 -19"><span class='ocrx_word' id='word_1_470' title='bbox 2335 4309 2568 4359; x_wconf 87' lang='lat' dir='ltr'>curante</span> <span class='ocrx_word' id='word_1_471' title='bbox 2598 4320 2632 4361; x_wconf 98' lang='lat' dir='ltr'>a</span> <span class='ocrx_word' id='word_1_472' title='bbox 2662 4300 2908 4377; x_wconf 73' lang='lat' dir='ltr'>spiritibs</span> 
     </span>
    </p>
   </div>
   <div class='ocr_carea' id='block_1_19' title="bbox 3113 682 3829 2432">
    <p class='ocr_par' dir='ltr' id='par_1_34' title="bbox 3118 682 3829 1586">
     <span class='ocr_line' id='line_1_127' title="bbox 3123 682 3752 758; baseline 0.006 -21"><span class='ocrx_word' id='word_1_473' title='bbox 3123 689 3373 739; x_wconf 89' lang='lat' dir='ltr'>uocatur</span> <span class='ocrx_word' id='word_1_474' title='bbox 3401 682 3752 758; x_wconf 87' lang='lat' dir='ltr'>magdalena</span> 
     </span>
     <span class='ocr_line' id='line_1_128' title="bbox 3124 774 3826 854; baseline 0.006 -22"><span class='ocrx_word' id='word_1_475' title='bbox 3124 774 3178 833; x_wconf 88' lang='lat' dir='ltr'>A</span> <span class='ocrx_word' id='word_1_476' title='bbox 3209 792 3327 852; x_wconf 86' lang='lat' dir='ltr'>qua</span> <span class='ocrx_word' id='word_1_477' title='bbox 3354 776 3628 835; x_wconf 89' lang='lat' dir='ltr'>demonia</span> <span class='ocrx_word' id='word_1_478' title='bbox 3663 787 3826 854; x_wconf 89' lang='lat' dir='ltr'>septe</span> 
     </span>
     <span class='ocr_line' id='line_1_129' title="bbox 3123 868 3829 931; baseline 0.007 -5"><span class='ocrx_word' id='word_1_479' title='bbox 3123 868 3412 927; x_wconf 84' lang='lat' dir='ltr'>exierant·</span> <span class='ocrx_word' id='word_1_480' title='bbox 3443 869 3551 928; x_wconf 78' lang='lat' dir='ltr'>³Et</span> <span class='ocrx_word' id='word_1_481' title='bbox 3571 869 3829 931; x_wconf 87' lang='lat' dir='ltr'>iohanna</span> 
     </span>
     <span class='ocr_line' id='line_1_130' title="bbox 3122 979 3752 1040; baseline 0.006 -20"><span class='ocrx_word' id='word_1_482' title='bbox 3122 979 3272 1020; x_wconf 84' lang='lat' dir='ltr'>uxor</span> <span class='ocrx_word' id='word_1_483' title='bbox 3298 979 3473 1022; x_wconf 88' lang='lat' dir='ltr'>cusae</span> <span class='ocrx_word' id='word_1_484' title='bbox 3501 982 3752 1040; x_wconf 89' lang='lat' dir='ltr'>procura</span> 
     </span>
     <span class='ocr_line' id='line_1_131' title="bbox 3124 1055 3791 1117; baseline 0.004 -3"><span class='ocrx_word' id='word_1_485' title='bbox 3124 1056 3261 1115; x_wconf 90' lang='lat' dir='ltr'>toris</span> <span class='ocrx_word' id='word_1_486' title='bbox 3290 1055 3524 1115; x_wconf 92' lang='lat' dir='ltr'>herodis</span> <span class='ocrx_word' id='word_1_487' title='bbox 3543 1088 3557 1103; x_wconf 92' lang='lat'><strong>·</strong></span> <span class='ocrx_word' id='word_1_488' title='bbox 3615 1057 3695 1116; x_wconf 91' lang='lat' dir='ltr'>Et</span> <span class='ocrx_word' id='word_1_489' title='bbox 3722 1076 3791 1117; x_wconf 91' lang='lat' dir='ltr'>su</span> 
     </span>
     <span class='ocr_line' id='line_1_132' title="bbox 3122 1150 3822 1211; baseline 0.007 -4"><span class='ocrx_word' id='word_1_490' title='bbox 3122 1167 3333 1208; x_wconf 88' lang='lat' dir='ltr'>sanna·</span> <span class='ocrx_word' id='word_1_491' title='bbox 3358 1151 3435 1208; x_wconf 91' lang='lat' dir='ltr'>Et</span> <span class='ocrx_word' id='word_1_492' title='bbox 3453 1150 3561 1210; x_wconf 89' lang='lat' dir='ltr'>alie</span> <span class='ocrx_word' id='word_1_493' title='bbox 3581 1152 3822 1211; x_wconf 89' lang='lat' dir='ltr'>multae·</span> 
     </span>
     <span class='ocr_line' id='line_1_133' title="bbox 3120 1245 3788 1320; baseline 0.004 -18"><span class='ocrx_word' id='word_1_494' title='bbox 3120 1262 3270 1320; x_wconf 86' lang='lat' dir='ltr'>quae</span> <span class='ocrx_word' id='word_1_495' title='bbox 3299 1253 3357 1303; x_wconf 92' lang='lat' dir='ltr'>et</span> <span class='ocrx_word' id='word_1_496' title='bbox 3384 1245 3788 1306; x_wconf 89' lang='lat' dir='ltr'>ministrabant</span> 
     </span>
     <span class='ocr_line' id='line_1_134' title="bbox 3121 1337 3692 1399; baseline 0.005 -4"><span class='ocrx_word' id='word_1_497' title='bbox 3121 1337 3198 1395; x_wconf 90' lang='lat' dir='ltr'>illi</span> <span class='ocrx_word' id='word_1_498' title='bbox 3226 1338 3298 1397; x_wconf 92' lang='lat' dir='ltr'>de</span> <span class='ocrx_word' id='word_1_499' title='bbox 3328 1337 3692 1399; x_wconf 85' lang='lat' dir='ltr'>facultatibus</span> 
     </span>
     <span class='ocr_line' id='line_1_135' title="bbox 3120 1432 3824 1510; baseline 0.007 -21"><span class='ocrx_word' id='word_1_500' title='bbox 3120 1432 3237 1490; x_wconf 88' lang='lat' dir='ltr'>suis</span> <span class='ocrx_word' id='word_1_501' title='bbox 3261 1463 3276 1477; x_wconf 91' lang='lat'><strong>·</strong></span> <span class='ocrx_word' id='word_1_502' title='bbox 3340 1433 3362 1465; x_wconf 77' lang='lat'><strong>⁴</strong></span> <span class='ocrx_word' id='word_1_503' title='bbox 3382 1432 3535 1492; x_wconf 90' lang='lat' dir='ltr'>Cum</span> <span class='ocrx_word' id='word_1_504' title='bbox 3562 1452 3705 1510; x_wconf 89' lang='lat' dir='ltr'>ergo</span> <span class='ocrx_word' id='word_1_505' title='bbox 3734 1444 3824 1493; x_wconf 93' lang='lat' dir='ltr'>tur</span> 
     </span>
     <span class='ocr_line' id='line_1_136' title="bbox 3118 1524 3677 1586; baseline 0.005 -3"><span class='ocrx_word' id='word_1_506' title='bbox 3118 1524 3229 1583; x_wconf 89' lang='lat' dir='ltr'>bae</span> <span class='ocrx_word' id='word_1_507' title='bbox 3258 1526 3677 1586; x_wconf 88' lang='lat' dir='ltr'>conuenissent</span> 
     </span>
    </p>

    <p class='ocr_par' dir='ltr' id='par_1_35' title="bbox 3115 1619 3739 1771">
     <span class='ocr_line' id='line_1_137' title="bbox 3118 1619 3739 1680; baseline 0.006 -3"><span class='ocrx_word' id='word_1_508' title='bbox 3118 1628 3175 1677; x_wconf 89' lang='lat' dir='ltr'>et</span> <span class='ocrx_word' id='word_1_509' title='bbox 3203 1619 3275 1677; x_wconf 92' lang='lat' dir='ltr'>de</span> <span class='ocrx_word' id='word_1_510' title='bbox 3304 1620 3632 1680; x_wconf 89' lang='lat' dir='ltr'>ciuitatibus</span> <span class='ocrx_word' id='word_1_511' title='bbox 3661 1621 3739 1680; x_wconf 89' lang='lat' dir='ltr'>ad</span> 
     </span>
     <span class='ocr_line' id='line_1_138' title="bbox 3115 1713 3626 1771; baseline 0.002 -1"><span class='ocrx_word' id='word_1_512' title='bbox 3115 1723 3399 1771; x_wconf 89' lang='lat' dir='ltr'>uenerunt</span> <span class='ocrx_word' id='word_1_513' title='bbox 3426 1713 3590 1771; x_wconf 91' lang='lat' dir='ltr'>multi</span> <span class='ocrx_word' id='word_1_514' title='bbox 3611 1745 3626 1760; x_wconf 92' lang='lat'><strong>·</strong></span> 
     </span>
    </p>

    <p class='ocr_par' dir='ltr' id='par_1_36' title="bbox 3113 1804 3815 2432">
     <span class='ocr_line' id='line_1_139' title="bbox 3116 1804 3740 1868; baseline 0.008 -4"><span class='ocrx_word' id='word_1_515' title='bbox 3116 1804 3279 1865; x_wconf 85' lang='lat' dir='ltr'>Dixit</span> <span class='ocrx_word' id='word_1_516' title='bbox 3307 1807 3740 1868; x_wconf 88' lang='lat' dir='ltr'>similitudinem</span> 
     </span>
     <span class='ocr_line' id='line_1_140' title="bbox 3114 1900 3814 1963; baseline 0.007 -5"><span class='ocrx_word' id='word_1_517' title='bbox 3114 1900 3290 1959; x_wconf 89' lang='lat' dir='ltr'>talem</span> <span class='ocrx_word' id='word_1_518' title='bbox 3318 1900 3392 1958; x_wconf 93' lang='lat' dir='ltr'>ad</span> <span class='ocrx_word' id='word_1_519' title='bbox 3420 1901 3545 1960; x_wconf 87' lang='lat' dir='ltr'>illos</span> <span class='ocrx_word' id='word_1_520' title='bbox 3565 1932 3579 1947; x_wconf 89' lang='lat'><strong>·</strong></span> <span class='ocrx_word' id='word_1_521' title='bbox 3619 1902 3814 1963; x_wconf 66' lang='lat' dir='ltr'>“Ecce</span> 
     </span>
     <span class='ocr_line' id='line_1_141' title="bbox 3113 1994 3815 2071; baseline 0.007 -20"><span class='ocrx_word' id='word_1_522' title='bbox 3113 1994 3252 2052; x_wconf 84' lang='lat' dir='ltr'>exiit</span> <span class='ocrx_word' id='word_1_523' title='bbox 3279 1995 3380 2071; x_wconf 88' lang='lat' dir='ltr'>qui</span> <span class='ocrx_word' id='word_1_524' title='bbox 3408 1996 3655 2055; x_wconf 90' lang='lat' dir='ltr'>seminat</span> <span class='ocrx_word' id='word_1_525' title='bbox 3678 2028 3693 2043; x_wconf 92' lang='lat'><strong>·</strong></span> <span class='ocrx_word' id='word_1_526' title='bbox 3753 2015 3815 2056; x_wconf 88' lang='lat' dir='ltr'>se</span> 
     </span>
     <span class='ocr_line' id='line_1_142' title="bbox 3114 2088 3744 2149; baseline 0.008 -5"><span class='ocrx_word' id='word_1_527' title='bbox 3114 2088 3336 2146; x_wconf 88' lang='lat' dir='ltr'>minare</span> <span class='ocrx_word' id='word_1_528' title='bbox 3366 2106 3570 2147; x_wconf 89' lang='lat' dir='ltr'>semen</span> <span class='ocrx_word' id='word_1_529' title='bbox 3598 2096 3706 2149; x_wconf 82' lang='lat' dir='ltr'>suii</span> <span class='ocrx_word' id='word_1_530' title='bbox 3729 2122 3744 2137; x_wconf 93' lang='lat'><strong>·</strong></span> 
     </span>
     <span class='ocr_line' id='line_1_143' title="bbox 3115 2180 3795 2245; baseline 0.01 -7"><span class='ocrx_word' id='word_1_531' title='bbox 3115 2181 3192 2239; x_wconf 90' lang='lat' dir='ltr'>Et</span> <span class='ocrx_word' id='word_1_532' title='bbox 3220 2180 3361 2239; x_wconf 89' lang='lat' dir='ltr'>dum</span> <span class='ocrx_word' id='word_1_533' title='bbox 3390 2183 3638 2242; x_wconf 89' lang='lat' dir='ltr'>seminat</span> <span class='ocrx_word' id='word_1_534' title='bbox 3719 2185 3795 2245; x_wconf 88' lang='lat' dir='ltr'>ali</span> 
     </span>
     <span class='ocr_line' id='line_1_144' title="bbox 3113 2275 3813 2338; baseline 0.009 -6"><span class='ocrx_word' id='word_1_535' title='bbox 3113 2275 3194 2333; x_wconf 92' lang='lat' dir='ltr'>ud</span> <span class='ocrx_word' id='word_1_536' title='bbox 3224 2275 3434 2334; x_wconf 90' lang='lat' dir='ltr'>cecidit</span> <span class='ocrx_word' id='word_1_537' title='bbox 3457 2294 3623 2337; x_wconf 89' lang='lat' dir='ltr'>secus</span> <span class='ocrx_word' id='word_1_538' title='bbox 3650 2279 3813 2338; x_wconf 72' lang='lat' dir='ltr'>uia--</span> 
     </span>
     <span class='ocr_line' id='line_1_145' title="bbox 3114 2370 3726 2432; baseline 0.007 -4"><span class='ocrx_word' id='word_1_539' title='bbox 3114 2378 3172 2428; x_wconf 91' lang='lat' dir='ltr'>et</span> <span class='ocrx_word' id='word_1_540' title='bbox 3197 2370 3608 2429; x_wconf 90' lang='lat' dir='ltr'>conculcatum</span> <span class='ocrx_word' id='word_1_541' title='bbox 3638 2381 3726 2432; x_wconf 88' lang='lat' dir='ltr'>est</span> 
     </span>
    </p>
   </div>
   <div class='ocr_carea' id='block_1_20' title="bbox 3089 2500 3809 4557">
    <p class='ocr_par' dir='ltr' id='par_1_37' title="bbox 3107 2500 3767 3030">
     <span class='ocr_line' id='line_1_146' title="bbox 3112 2500 3650 2562; baseline 0.007 -4"><span class='ocrx_word' id='word_1_542' title='bbox 3112 2500 3189 2560; x_wconf 92' lang='lat' dir='ltr'>Et</span> <span class='ocrx_word' id='word_1_543' title='bbox 3217 2500 3480 2560; x_wconf 90' lang='lat' dir='ltr'>uolucres</span> <span class='ocrx_word' id='word_1_544' title='bbox 3510 2502 3650 2562; x_wconf 91' lang='lat' dir='ltr'>illud</span> 
     </span>
     <span class='ocr_line' id='line_1_147' title="bbox 3111 2595 3767 2657; baseline 0.008 -5"><span class='ocrx_word' id='word_1_545' title='bbox 3111 2595 3492 2655; x_wconf 89' lang='lat' dir='ltr'>comederunt</span> <span class='ocrx_word' id='word_1_546' title='bbox 3510 2628 3524 2643; x_wconf 93' lang='lat'><strong>·</strong></span> <span class='ocrx_word' id='word_1_547' title='bbox 3586 2597 3701 2657; x_wconf 77' lang='lat' dir='ltr'>⁶Et</span> <span class='ocrx_word' id='word_1_548' title='bbox 3729 2615 3767 2656; x_wconf 86' lang='lat' dir='ltr'>a</span> 
     </span>
     <span class='ocr_line' id='line_1_148' title="bbox 3111 2687 3671 2768; baseline 0.013 -24"><span class='ocrx_word' id='word_1_549' title='bbox 3111 2687 3229 2746; x_wconf 90' lang='lat' dir='ltr'>liud</span> <span class='ocrx_word' id='word_1_550' title='bbox 3258 2690 3468 2749; x_wconf 90' lang='lat' dir='ltr'>cecidit</span> <span class='ocrx_word' id='word_1_551' title='bbox 3497 2709 3671 2768; x_wconf 89' lang='lat' dir='ltr'>supra</span> 
     </span>
     <span class='ocr_line' id='line_1_149' title="bbox 3108 2791 3720 2858; baseline 0.008 -18"><span class='ocrx_word' id='word_1_552' title='bbox 3108 2791 3333 2858; x_wconf 90' lang='lat' dir='ltr'>petram</span> <span class='ocrx_word' id='word_1_553' title='bbox 3353 2814 3366 2828; x_wconf 93' lang='lat'><strong>·</strong></span> <span class='ocrx_word' id='word_1_554' title='bbox 3431 2795 3488 2843; x_wconf 92' lang='lat' dir='ltr'>et</span> <span class='ocrx_word' id='word_1_555' title='bbox 3517 2797 3720 2845; x_wconf 89' lang='lat' dir='ltr'>natum</span> 
     </span>
     <span class='ocr_line' id='line_1_150' title="bbox 3107 2876 3720 2954; baseline 0.011 -22"><span class='ocrx_word' id='word_1_556' title='bbox 3107 2876 3255 2934; x_wconf 87' lang='lat' dir='ltr'>aruit</span> <span class='ocrx_word' id='word_1_557' title='bbox 3322 2878 3460 2954; x_wconf 87' lang='lat' dir='ltr'>quia</span> <span class='ocrx_word' id='word_1_558' title='bbox 3491 2896 3613 2937; x_wconf 92' lang='lat' dir='ltr'>non</span> <span class='ocrx_word' id='word_1_559' title='bbox 3642 2879 3720 2939; x_wconf 92' lang='lat' dir='ltr'>ha</span> 
     </span>
     <span class='ocr_line' id='line_1_151' title="bbox 3107 2970 3649 3030; baseline 0.006 -2"><span class='ocrx_word' id='word_1_560' title='bbox 3107 2970 3279 3029; x_wconf 90' lang='lat' dir='ltr'>bebat</span> <span class='ocrx_word' id='word_1_561' title='bbox 3307 2971 3612 3030; x_wconf 90' lang='lat' dir='ltr'>humorem</span> <span class='ocrx_word' id='word_1_562' title='bbox 3635 3004 3649 3019; x_wconf 91' lang='lat'><strong>·</strong></span> 
     </span>
    </p>

    <p class='ocr_par' dir='ltr' id='par_1_38' title="bbox 3100 3062 3809 3407">
     <span class='ocr_line' id='line_1_152' title="bbox 3103 3062 3809 3127; baseline 0.01 -7"><span class='ocrx_word' id='word_1_563' title='bbox 3103 3062 3126 3095; x_wconf 84' lang='lat'>⁷</span> <span class='ocrx_word' id='word_1_564' title='bbox 3143 3063 3220 3122; x_wconf 92' lang='lat' dir='ltr'>Et</span> <span class='ocrx_word' id='word_1_565' title='bbox 3249 3063 3404 3123; x_wconf 87' lang='lat' dir='ltr'>aliud</span> <span class='ocrx_word' id='word_1_566' title='bbox 3427 3066 3632 3125; x_wconf 90' lang='lat' dir='ltr'>cecidit</span> <span class='ocrx_word' id='word_1_567' title='bbox 3659 3068 3809 3127; x_wconf 90' lang='lat' dir='ltr'>inter</span> 
     </span>
     <span class='ocr_line' id='line_1_153' title="bbox 3105 3158 3777 3235; baseline 0.009 -20"><span class='ocrx_word' id='word_1_568' title='bbox 3105 3158 3303 3235; x_wconf 91' lang='lat' dir='ltr'>spinas</span> <span class='ocrx_word' id='word_1_569' title='bbox 3328 3191 3342 3205; x_wconf 94' lang='lat'><strong>·</strong></span> <span class='ocrx_word' id='word_1_570' title='bbox 3398 3159 3477 3218; x_wconf 90' lang='lat' dir='ltr'>Et</span> <span class='ocrx_word' id='word_1_571' title='bbox 3504 3161 3674 3220; x_wconf 91' lang='lat' dir='ltr'>simul</span> <span class='ocrx_word' id='word_1_572' title='bbox 3703 3181 3777 3221; x_wconf 82' lang='lat' dir='ltr'>ex</span> 
     </span>
     <span class='ocr_line' id='line_1_154' title="bbox 3103 3251 3666 3330; baseline 0.005 -19"><span class='ocrx_word' id='word_1_573' title='bbox 3103 3251 3304 3312; x_wconf 90' lang='lat' dir='ltr'>hortae</span> <span class='ocrx_word' id='word_1_574' title='bbox 3335 3254 3539 3330; x_wconf 88' lang='lat' dir='ltr'>spinae</span> <span class='ocrx_word' id='word_1_575' title='bbox 3567 3255 3666 3314; x_wconf 86' lang='lat' dir='ltr'>sos</span> 
     </span>
     <span class='ocr_line' id='line_1_155' title="bbox 3100 3345 3703 3407; baseline 0.005 -3"><span class='ocrx_word' id='word_1_576' title='bbox 3100 3345 3439 3406; x_wconf 90' lang='lat' dir='ltr'>fucauerunt</span> <span class='ocrx_word' id='word_1_577' title='bbox 3467 3348 3604 3407; x_wconf 91' lang='lat' dir='ltr'>illud</span> <span class='ocrx_word' id='word_1_578' title='bbox 3624 3382 3638 3396; x_wconf 94' lang='lat'><strong>·</strong></span> <span class='ocrx_word' id='word_1_579' title='bbox 3659 3381 3703 3396; x_wconf 89' lang='lat'><em>-</em></span> 
     </span>
    </p>

    <p class='ocr_par' dir='ltr' id='par_1_39' title="bbox 3092 3440 3806 4178">
     <span class='ocr_line' id='line_1_156' title="bbox 3100 3440 3806 3506; baseline 0.013 -9"><span class='ocrx_word' id='word_1_580' title='bbox 3100 3440 3119 3472; x_wconf 82' lang='lat'>⁸</span> <span class='ocrx_word' id='word_1_581' title='bbox 3137 3440 3213 3499; x_wconf 91' lang='lat' dir='ltr'>Et</span> <span class='ocrx_word' id='word_1_582' title='bbox 3230 3441 3384 3502; x_wconf 89' lang='lat' dir='ltr'>aliud</span> <span class='ocrx_word' id='word_1_583' title='bbox 3405 3442 3604 3505; x_wconf 66' lang='lat' dir='ltr'>cecidit</span> <span class='ocrx_word' id='word_1_584' title='bbox 3629 3446 3690 3503; x_wconf 91' lang='lat' dir='ltr'>in</span> <span class='ocrx_word' id='word_1_585' title='bbox 3719 3456 3806 3506; x_wconf 89' lang='lat' dir='ltr'>ter</span> 
     </span>
     <span class='ocr_line' id='line_1_157' title="bbox 3100 3538 3747 3600; baseline 0.011 -7"><span class='ocrx_word' id='word_1_586' title='bbox 3100 3553 3224 3594; x_wconf 91' lang='lat' dir='ltr'>ram</span> <span class='ocrx_word' id='word_1_587' title='bbox 3253 3538 3472 3595; x_wconf 89' lang='lat' dir='ltr'>bonam</span> <span class='ocrx_word' id='word_1_588' title='bbox 3492 3570 3506 3585; x_wconf 92' lang='lat'><strong>·</strong></span> <span class='ocrx_word' id='word_1_589' title='bbox 3570 3550 3627 3598; x_wconf 91' lang='lat' dir='ltr'>et</span> <span class='ocrx_word' id='word_1_590' title='bbox 3652 3540 3747 3600; x_wconf 81' lang='lat' dir='ltr'>Ex</span> 
     </span>
     <span class='ocr_line' id='line_1_158' title="bbox 3099 3630 3687 3694; baseline 0.01 -6"><span class='ocrx_word' id='word_1_591' title='bbox 3099 3630 3373 3689; x_wconf 90' lang='lat' dir='ltr'>hortuum</span> <span class='ocrx_word' id='word_1_592' title='bbox 3403 3631 3537 3692; x_wconf 85' lang='lat' dir='ltr'>fecit</span> <span class='ocrx_word' id='word_1_593' title='bbox 3564 3633 3687 3694; x_wconf 85' lang='lat' dir='ltr'>fruc</span> 
     </span>
     <span class='ocr_line' id='line_1_159' title="bbox 3098 3728 3714 3786; baseline 0.008 -4"><span class='ocrx_word' id='word_1_594' title='bbox 3098 3735 3222 3783; x_wconf 89' lang='lat' dir='ltr'>tum</span> <span class='ocrx_word' id='word_1_595' title='bbox 3251 3728 3678 3786; x_wconf 66' lang='lat' dir='ltr'>centensimu-·</span> <span class='ocrx_word' id='word_1_596' title='bbox 3700 3761 3714 3776; x_wconf 89' lang='lat'><strong>·</strong></span> 
     </span>
     <span class='ocr_line' id='line_1_160' title="bbox 3098 3817 3801 3883; baseline 0.009 -6"><span class='ocrx_word' id='word_1_597' title='bbox 3098 3817 3267 3878; x_wconf 89' lang='lat' dir='ltr'>Haec</span> <span class='ocrx_word' id='word_1_598' title='bbox 3290 3820 3492 3880; x_wconf 91' lang='lat' dir='ltr'>dicens</span> <span class='ocrx_word' id='word_1_599' title='bbox 3509 3822 3801 3883; x_wconf 85' lang='lat' dir='ltr'>clamabat</span> 
     </span>
     <span class='ocr_line' id='line_1_161' title="bbox 3095 3913 3695 3989; baseline 0.008 -19"><span class='ocrx_word' id='word_1_600' title='bbox 3095 3913 3195 3989; x_wconf 91' lang='lat' dir='ltr'>qui</span> <span class='ocrx_word' id='word_1_601' title='bbox 3224 3914 3399 3974; x_wconf 90' lang='lat' dir='ltr'>habet</span> <span class='ocrx_word' id='word_1_602' title='bbox 3426 3934 3593 3976; x_wconf 89' lang='lat' dir='ltr'>aures</span> <span class='ocrx_word' id='word_1_603' title='bbox 3620 3935 3695 3975; x_wconf 89' lang='lat' dir='ltr'>au</span> 
     </span>
     <span class='ocr_line' id='line_1_162' title="bbox 3094 4006 3721 4071; baseline 0.011 -7"><span class='ocrx_word' id='word_1_604' title='bbox 3094 4006 3292 4066; x_wconf 92' lang='lat' dir='ltr'>diendi</span> <span class='ocrx_word' id='word_1_605' title='bbox 3321 4009 3515 4068; x_wconf 89' lang='lat' dir='ltr'>audiat</span> <span class='ocrx_word' id='word_1_606' title='bbox 3535 4041 3549 4056; x_wconf 91' lang='lat'><strong>·</strong></span> <span class='ocrx_word' id='word_1_607' title='bbox 3609 4010 3631 4044; x_wconf 81' lang='lat'><strong>⁹</strong></span> <span class='ocrx_word' id='word_1_608' title='bbox 3649 4012 3721 4071; x_wconf 85' lang='lat' dir='ltr'>In</span> 
     </span>
     <span class='ocr_line' id='line_1_163' title="bbox 3092 4110 3532 4178; baseline 0.011 -20"><span class='ocrx_word' id='word_1_609' title='bbox 3092 4110 3532 4178; x_wconf 87' lang='lat' dir='ltr'>terrogauerunt</span> 
     </span>
    </p>

    <p class='ocr_par' dir='ltr' id='par_1_40' title="bbox 3093 4196 3728 4276">
     <span class='ocr_line' id='line_1_164' title="bbox 3093 4196 3728 4276; baseline 0.011 -24"><span class='ocrx_word' id='word_1_610' title='bbox 3093 4205 3286 4254; x_wconf 89' lang='lat' dir='ltr'>autem</span> <span class='ocrx_word' id='word_1_611' title='bbox 3316 4196 3477 4255; x_wconf 91' lang='lat' dir='ltr'>illum</span> <span class='ocrx_word' id='word_1_612' title='bbox 3507 4198 3728 4276; x_wconf 66' lang='lat' dir='ltr'>disscipu</span> 
     </span>
    </p>

    <p class='ocr_par' dir='ltr' id='par_1_41' title="bbox 3091 4287 3715 4460">
     <span class='ocr_line' id='line_1_165' title="bbox 3091 4287 3715 4371; baseline 0.011 -26"><span class='ocrx_word' id='word_1_613' title='bbox 3091 4287 3130 4345; x_wconf 92' lang='lat' dir='ltr'>li</span> <span class='ocrx_word' id='word_1_614' title='bbox 3160 4290 3284 4348; x_wconf 88' lang='lat' dir='ltr'>eius</span> <span class='ocrx_word' id='word_1_615' title='bbox 3313 4291 3571 4352; x_wconf 87' lang='lat' dir='ltr'>dicentes</span> <span class='ocrx_word' id='word_1_616' title='bbox 3599 4312 3715 4371; x_wconf 92' lang='lat' dir='ltr'>que</span> 
     </span>
     <span class='ocr_line' id='line_1_166' title="bbox 3091 4382 3693 4460; baseline 0.008 -20"><span class='ocrx_word' id='word_1_617' title='bbox 3091 4392 3178 4441; x_wconf 90' lang='lat' dir='ltr'>est</span> <span class='ocrx_word' id='word_1_618' title='bbox 3205 4382 3350 4443; x_wconf 90' lang='lat' dir='ltr'>haec</span> <span class='ocrx_word' id='word_1_619' title='bbox 3380 4386 3659 4460; x_wconf 87' lang='lat' dir='ltr'>parabola</span> <span class='ocrx_word' id='word_1_620' title='bbox 3679 4419 3693 4432; x_wconf 94' lang='lat'><strong>·</strong></span> 
     </span>
    </p>

    <p class='ocr_par' dir='ltr' id='par_1_42' title="bbox 3089 4476 3688 4557">
     <span class='ocr_line' id='line_1_167' title="bbox 3089 4476 3688 4557; baseline 0.01 -23"><span class='ocrx_word' id='word_1_621' title='bbox 3089 4476 3133 4509; x_wconf 84' lang='lat'>¹⁰</span> <span class='ocrx_word' id='word_1_622' title='bbox 3150 4479 3361 4555; x_wconf 89' lang='lat' dir='ltr'>quibus</span> <span class='ocrx_word' id='word_1_623' title='bbox 3389 4481 3516 4557; x_wconf 89' lang='lat' dir='ltr'>ipse</span> <span class='ocrx_word' id='word_1_624' title='bbox 3544 4481 3688 4541; x_wconf 86' lang='lat' dir='ltr'>dixit</span> 
     </span>
    </p>
   </div>
  </div>
 </body>
</html>
