4414 4917
2126 328 2366 391 SECD
2387 359 2402 375 ·

764 353 886 414 104
3448 340 3592 405 [XX.
3615 357 3776 408 5-34.

1508 506 1597 565 Illi
1628 515 1823 566 autem
1853 515 1909 565 et
1938 505 2093 564 hunc
2325 503 2551 564 mittere
2581 505 2640 563 in
2672 505 2834 563 illurn
3074 505 3150 563 Et
3179 506 3369 565 mirati
3400 507 3459 566 in
3489 526 3705 585 respon
3801 514 3926 562 ποι.
3949 514 4083 563 146.

431 524 556 573 1⁸01.
580 525 704 573 145.
755 509 1034 569 Dicentes
1058 540 1073 556 ·
1139 509 1188 568 si
1218 508 1316 566 dix

751 603 969 663 erimus
999 601 1070 661 de
1101 602 1267 661 caelo

753 697 908 756 dicet
937 698 1107 756 nobis
1135 715 1254 773 qua

750 808 812 848 re
842 807 984 866 ergo
1015 808 1138 848 non
1167 807 1266 848 cre

751 883 973 941 didistis
1003 883 1081 942 illi
1106 914 1121 929 ·
1186 884 1282 941 ⁶et
1313 882 1361 941 si

753 977 1068 1035 dixerimus
1096 995 1170 1035 ex
1200 976 1278 1035 ho

749 1071 1007 1129 minibus
1089 1070 1257 1147 plebs

748 1164 1023 1223 uniuersa
1052 1163 1247 1239 iapida

749 1258 832 1315 bit
862 1275 974 1317 nos
993 1289 1007 1304 ·
1074 1257 1233 1316 Certi

751 1361 887 1410 sunt
913 1351 1070 1409 enim
1100 1351 1279 1409 iohan

750 1463 886 1505 nem
917 1445 1203 1522 profetam
1232 1445 1293 1502 fu

753 1539 868 1598 isse
894 1569 909 1585 ·
973 1538 996 1571 '²
1014 1549 1073 1598 et
1101 1557 1320 1615 respon

751 1633 963 1692 derunt
993 1651 1056 1692 se
1086 1634 1268 1691 nesci·

749 1746 812 1786 re
839 1727 998 1785 unde
1083 1726 1104 1758 ⁸
1124 1726 1268 1785 dixit

751 1831 946 1880 autem
981 1821 1088 1879 illis
1117 1821 1206 1879 ihs

749 1934 939 1993 neque
970 1935 1083 1993 ego
1121 1916 1293 1975 uobis

748 2011 881 2070 dico
909 2012 970 2068 in
999 2030 1115 2089 qua
1145 2020 1312 2087 potes

748 2115 864 2164 tate
894 2106 1039 2164 haec
1071 2105 1224 2164 facio
1248 2136 1262 2151 ·
1289 2136 1303 2151 ·
1325 2137 1410 2149 —-

701 2199 731 2234 *
754 2200 776 2233 ⁹
795 2199 1008 2276 Coepit
1035 2208 1230 2258 autem
1258 2199 1388 2259 dice

698 2293 728 2327 ¹⁸¹
752 2313 814 2353 re
844 2294 919 2353 ad
946 2294 1177 2370 plebem

750 2388 902 2448 hanc
933 2388 1274 2465 parabolam

749 2521 1002 2580 Uineam
1033 2520 1316 2599 plantauit

748 2613 932 2675 h'omo
960 2627 1018 2674 et
1048 2615 1262 2674 locauit
1291 2625 1413 2672 ea-

745 2710 974 2769 colonis
996 2740 1009 2754 ·
1071 2719 1130 2767 et
1159 2709 1285 2784 ipse
1315 2726 1390 2784 pe

744 2822 906 2880 regre
937 2803 1040 2860 fuit
1109 2802 1229 2861 mul

745 2899 818 2957 tis
848 2898 1207 2972 temporibus
1228 2927 1242 2942 ·

746 2991 794 3024 ¹⁰
812 2991 887 3049 Et
916 2990 1175 3066 quodam
1205 2998 1406 3065 tempo

747 3105 808 3144 re
880 3084 1034 3141 misit
1062 3084 1137 3142 ad
1166 3084 1301 3142 colo

747 3197 859 3238 nos
882 3196 1114 3236 seruum
1142 3188 1205 3235 ut

746 3274 820 3333 de
854 3272 1042 3331 fructu
1077 3273 1287 3331 uineae

746 3368 977 3426 daretur
1006 3367 1083 3425 illi
1108 3398 1123 3412 ·

746 3461 959 3522 Coloni
989 3472 1184 3521 autem
1214 3465 1388 3519 caesii

747 3557 908 3615 illurn
938 3556 1282 3614 dimiserunt

748 3652 983 3711 inanem
1008 3681 1023 3697 ·
1090 3648 1131 3683 ¹¹
1152 3649 1230 3706 Et
1258 3648 1394 3706 addi

747 3747 832 3805 dit
859 3746 1103 3804 alterum
1132 3745 1292 3801 mitte

746 3859 809 3900 re
840 3859 1070 3898 seruum
1096 3871 1111 3885 ·
1177 3838 1257 3896 illi

745 3945 943 3994 autem
973 3944 1031 3992 et
1058 3934 1213 3992 hunc
1243 3949 1364 4009 quo

747 4048 864 4106 que
893 4046 1129 4087 caesum
1158 4036 1213 4085 et
1243 4027 1368 4085 sine

748 4123 973 4182 honore
1003 4121 1207 4180 dimise

748 4227 880 4274 runt
908 4217 1146 4274 inanem
1170 4246 1183 4261 ·

749 4309 792 4342 ¹²
812 4310 887 4367 Et
916 4309 1134 4368 addidit
1159 4308 1389 4369 tertium

750 4405 973 4462 mittere
1002 4421 1233 4462 seruum

1508 618 1743 678 quoque
1773 618 1978 659 cesum

1508 694 1849 753 dimiserunt
1876 694 2048 752 inane
2070 724 2086 740 ·

1507 787 1551 820 ¹³
1570 787 1730 846 Dixit
1752 798 1948 847 autem
1980 786 2090 846 dr'rs
2121 787 2180 845 ui

1508 900 1653 940 neae
1684 881 1824 957 quid
1858 880 2068 939 faciam
2092 911 2109 927 ·

1509 975 1735 1033 mittam
1765 973 1946 1032 filium

1509 1087 1707 1127 meum
1738 1068 2012 1127 dilectissi

1509 1180 1673 1221 mum
1697 1193 1711 1208 ·
1774 1161 2015 1220 forsitan

1508 1256 1665 1313 hunc
1694 1255 2044 1314 uerebuntur
2065 1286 2081 1302 ·

1508 1350 1551 1383 ¹⁴
1572 1348 1767 1421 Quem
1786 1368 1923 1407 cum
1940 1349 2196 1408 uiderent

1508 1443 1702 1503 coloni
1785 1443 2049 1520 cogitaue

1507 1547 1640 1596 runt
1671 1538 1821 1597 intra
1850 1556 1911 1595 se
1942 1537 2001 1596 di

1509 1641 1708 1690 centes
1733 1663 1747 1678 ·
1812 1630 1905 1689 hic
1940 1642 2030 1690 est

1508 1725 1676 1784 heres
1704 1726 2045 1784 occidamus

1506 1820 1664 1878 illum
1696 1828 1752 1879 et
1780 1829 1979 1879 nostra

1507 1914 1611 1972 erit
1641 1914 1926 1972 hereditas

1506 2006 1551 2039 ¹⁵
1568 2007 1643 2068 Et
1672 2008 1916 2066 eiectum
1946 2008 2105 2067 illum

1506 2112 1669 2160 extra
1696 2102 1930 2160 uincam
1962 2122 2034 2161 oc

1506 2195 1769 2254 ciderunt
1798 2226 1813 2242 ·
1874 2197 2013 2273 quid

1505 2307 1649 2365 ergo
1677 2289 1845 2349 faciet
1872 2290 1982 2349 diis
2010 2290 2068 2348 ui

1505 2401 1649 2443 neae
1734 2384 1978 2443 ¹⁶ueniet
1995 2395 2052 2443 et
2082 2402 2183 2461 per

1504 2515 1601 2576 det
1630 2517 1873 2576 colonos
1902 2518 2042 2577 istos

1503 2622 1561 2670 et
1591 2611 1751 2671 dabit
1777 2612 2008 2670 uineam
2038 2612 2159 2672 aliis
2182 2644 2195 2657 ·

1500 2704 1819 2765 Audientes
1849 2717 2042 2765 autem

1502 2799 1770 2858 dixerunt
1851 2801 2000 2860 absit
2020 2832 2105 2844 —-

1500 2891 1543 2926 ¹⁷
1564 2892 1697 2970 Ipse
1728 2907 1921 2952 autem
1952 2896 2134 2972 aspici

1500 3005 1606 3045 ens
1635 3005 1738 3045 eos
1767 2989 1844 3046 ait
1863 3019 1877 3034 ·
1938 2990 2078 3064 quid

1501 3090 1587 3139 est
1615 3099 1756 3157 ergo
1786 3082 1899 3141 hoc
1929 3083 2088 3159 quod

1501 3176 1781 3251 scriptum
1815 3186 1902 3234 est
1986 3177 2041 3237 la

1500 3269 1698 3346 pidem
1726 3287 1903 3345 quem
1933 3290 1994 3330 re

1500 3365 1891 3440 probauerunt
1920 3365 2049 3424 aedi

1501 3457 1740 3516 ficantes
1768 3457 1861 3517 hic
1892 3459 1984 3518 fac

1502 3563 1594 3611 tus
1623 3564 1710 3611 est
1738 3553 1798 3611 in
1828 3563 2005 3629 caput
2044 3572 2121 3612 an

1502 3647 1623 3724 guli
1637 3678 1650 3692 ·
1674 3646 1931 3708 ¹⁸Omnis
1951 3648 2049 3724 qui
2070 3649 2192 3708 ceci

1502 3741 1649 3799 derit
1679 3760 1853 3818 supra
1884 3742 1983 3800 illu

1501 3835 1753 3912 lapidem
1783 3853 2047 3911 conquas

1503 3930 1718 3989 sabitur
1801 3948 1977 4006 supra

1502 4042 1677 4101 quem
1708 4024 1977 4083 ceciderit
2005 4043 2080 4083 au

1503 4130 1618 4177 tem
1650 4119 2009 4178 comminuet

1500 4212 1658 4271 illum
1681 4244 1695 4259 ·
1741 4214 1782 4246 ¹⁹
1801 4213 1877 4271 Et
1906 4231 2082 4289 quere

1501 4307 1643 4364 bant
1672 4308 1964 4383 principes
1993 4326 2059 4365 sa

1503 4401 1806 4460 cerdotum
1831 4411 1886 4460 et
1916 4402 2139 4463 scribae

2324 616 2535 656 manus
2563 599 2690 674 ipsa
2718 598 2864 658 hora
2887 630 2902 645 ·

2325 701 2383 749 et
2412 692 2727 750 timuerunt
2754 710 2916 769 popu

2323 783 2443 843 lum
2466 816 2479 831 ·
2545 796 2949 862 cognouerunt

2322 879 2480 937 enirn
2509 880 2669 955 quod
2699 880 2773 938 ad
2802 880 2943 940 istos

2323 972 2466 1031 dixit
2494 973 2860 1033 similitudine

2324 1066 2492 1124 istam
2517 1098 2531 1112 ·
2602 1067 2648 1100 ²⁰
2664 1067 2741 1126 Et
2772 1085 2906 1126 cum
2935 1087 2998 1128 re

2323 1160 2601 1219 cesissent
2624 1192 2638 1207 ·
2704 1162 2812 1219 sub

2321 1254 2598 1313 miserunt
2626 1255 2723 1332 qui
2753 1274 2815 1314 se

2321 1347 2500 1408 iustos
2530 1349 2812 1408 simulaue

2321 1451 2454 1499 runt
2513 1430 2597 1501 ⁴ut
2625 1442 2803 1519 adpre

2321 1534 2641 1595 henderent
2670 1554 2864 1595 sermo

2321 1647 2425 1687 nes
2454 1631 2577 1688 eius
2605 1640 2663 1688 et
2691 1630 2849 1687 trade

2321 1733 2450 1782 rent
2478 1723 2636 1782 illum
2666 1733 2836 1801 potes

2318 1818 2418 1875 tati
2447 1828 2505 1876 et
2535 1818 2892 1894 magistratui

2318 1912 2563 1987 presidis
2587 1943 2602 1958 ·
2668 1912 2710 1946 ²¹
2729 1912 2807 1971 Et
2835 1913 2895 1971 in

2316 2014 2754 2082 terrogauerunt

2316 2098 2476 2157 illurn
2506 2100 2763 2160 dicentes
2785 2134 2870 2145 —

2316 2192 2597 2269 Magister
2626 2195 2843 2254 scimus

2313 2288 2471 2363 quod
2500 2300 2654 2348 recte
2684 2290 2826 2349 dicis

2310 2392 2368 2439 et
2398 2382 2575 2440 doces
2602 2416 2615 2429 ·
2702 2392 2760 2441 et
2789 2401 2911 2442 non
2942 2402 3012 2444 ac

2312 2515 2455 2591 cipis
2486 2534 2793 2592 personam
2815 2547 2829 2562 ·

2311 2609 2412 2666 sed
2443 2609 2501 2665 in
2534 2610 2767 2668 ueritate
2796 2611 2940 2669 uia-

2311 2702 2370 2760 di
2397 2703 2576 2761 doces
2596 2735 2610 2749 ·
2675 2701 2868 2763 22licet
2897 2723 2977 2764 no

2309 2797 2397 2854 bis
2425 2799 2697 2856 tributum
2727 2798 2847 2855 dari

2308 2891 2489 2949 cesari
2572 2902 2673 2949 aut
2702 2908 2883 2950 non-

2304 2983 2348 3017 ²³
2371 2984 2763 3044 Considerans
2794 2991 2928 3044 aute

2304 3080 2393 3138 ihs
2424 3080 2623 3138 dolum
2651 3081 2881 3139 illoru-·

2306 3175 2450 3233 dixit
2477 3175 2552 3234 ad
2579 3193 2681 3234 eos
2759 3175 2898 3253 quid

2306 3287 2401 3327 me
2433 3270 2679 3327 temtatis
2701 3301 2714 3315 ·
2775 3269 2818 3301 ²⁴
2839 3282 3009 3330 osten

2305 3363 2422 3422 dite
2451 3363 2591 3421 mihi
2620 3364 2924 3423 denariu‘·

2305 3458 2467 3516 cuius
2496 3458 2668 3516 habet
2694 3460 2872 3536 imagi

2305 3571 2441 3610 nem
2524 3562 2580 3611 et
2609 3553 2869 3629 inscripti

2304 3664 2480 3705 onem
2504 3678 2518 3692 ·
2581 3645 2825 3724 Respon

2305 3740 2507 3799 dentes
2537 3740 2803 3799 dixerunt

2304 3836 2549 3894 caesaris
2574 3867 2587 3881 ·
2651 3833 2695 3867 ²³
2713 3837 2789 3895 ait
2818 3836 2923 3895 illis

2305 3929 2524 3987 reddite
2553 3948 2703 4007 quae
2733 3941 2866 3990 sunt

2305 4025 2552 4083 caesaris
2581 4026 2799 4083 caesari
2825 4056 2839 4071 ·

2304 4128 2359 4176 et
2388 4135 2538 4193 quae
2567 4118 2628 4176 di
2655 4128 2789 4177 sunt
2817 4119 2895 4178 do
2923 4151 2966 4164 -

2303 4210 2347 4243 ²⁰
2365 4212 2443 4270 Et
2472 4230 2591 4271 non
2620 4224 2931 4288 potuerunt

2303 4309 2549 4365 uerbum
2578 4308 2702 4366 eius
2731 4326 2894 4384 repre

2305 4401 2558 4460 bendere
2586 4420 2783 4462 coram
2812 4403 2983 4479 plebe

3072 616 3141 658 so
3171 600 3296 658 eius
3326 611 3632 661 tacuerunt

3069 689 3112 749 ²7
3131 694 3524 754 Accesserunt
3553 701 3685 756 aute

3069 787 3144 845 ad
3175 805 3311 845 eum
3339 790 3582 865 quidam

3069 881 3495 942 sadduceorum
3525 886 3624 961 qui

3068 986 3286 1051 negant
3314 994 3442 1035 esse
3472 996 3635 1037 resur

3066 1069 3384 1128 rectionem
3409 1101 3423 1116 ·
3488 1071 3567 1130 Et
3593 1073 3653 1130 in

3067 1171 3508 1239 terrogauerunt

3066 1256 3226 1314 illum
3269 1254 3312 1289 ²⁸
3331 1258 3590 1318 dicentes
3611 1291 3626 1305 ·

3067 1348 3346 1427 Magister
3428 1370 3662 1429 moyses

3067 1445 3294 1521 scripsit
3322 1446 3492 1505 nobis

3068 1536 3126 1595 Si
3154 1536 3324 1597 frater
3352 1540 3592 1599 alicuius

3062 1642 3325 1690 mortuus
3353 1632 3523 1693 fuerit

3063 1724 3286 1783 habens
3315 1743 3562 1786 uxorem

3062 1818 3140 1876 Et
3168 1818 3261 1879 hic
3291 1821 3414 1879 sine
3445 1822 3574 1881 filiis
3600 1822 3663 1882 su

3062 1914 3168 1972 erit
3244 1926 3307 1972 ut
3335 1916 3582 1993 accipiat

3061 2026 3192 2066 eam
3222 2007 3394 2068 frater
3421 2011 3545 2069 eius

3060 2119 3301 2161 uxorem
3330 2114 3388 2161 et
3419 2105 3574 2163 susci

3068 2205 3147 2254 tet
3169 2214 3371 2255 semen
3401 2198 3555 2256 fratri

3066 2307 3172 2349 suo
3195 2321 3210 2335 ·
3236 2321 3251 2335 ·
3315 2292 3360 2325 ²⁹
3384 2292 3624 2369 Septem

3063 2382 3261 2443 fratres
3289 2397 3452 2444 erant

3063 2517 3217 2594 apud
3247 2536 3357 2578 nos
3381 2550 3395 2565 ·
3440 2530 3497 2579 et
3525 2521 3613 2597 pri

3062 2630 3192 2670 mus
3226 2615 3451 2690 accepit
3481 2633 3600 2674 uxo

3063 2725 3187 2764 rem
3218 2717 3273 2766 et
3302 2720 3566 2768 mortuus

3062 2811 3150 2858 est
3177 2801 3300 2859 sine
3330 2802 3448 2862 filio
3472 2834 3486 2849 ·
3530 2803 3576 2837 ⁸⁰
3591 2804 3668 2864 Et
3699 2823 3764 2865 se

3062 2912 3249 2970 quens
3279 2897 3504 2972 accepit
3532 2898 3626 2956 illa

3061 3001 3118 3045 et
3146 2988 3237 3046 ille
3266 3001 3528 3049 mortuus
3557 3003 3646 3051 est

3062 3082 3185 3139 sine
3216 3082 3333 3142 filio
3358 3114 3372 3129 ·
3444 3083 3486 3116 ⁸¹
3509 3085 3586 3143 Et
3616 3096 3701 3144 ter

3059 3176 3171 3234 tius
3199 3178 3423 3252 accepit
3448 3178 3605 3237 illam
3621 3210 3666 3226 -

3060 3271 3316 3330 similiter
3343 3280 3399 3329 et
3427 3291 3528 3332 om

3059 3383 3164 3423 nes
3193 3377 3419 3441 septem
3447 3385 3567 3425 non
3596 3385 3659 3426 re

3057 3459 3347 3536 liquerunt
3376 3460 3526 3519 filios
3556 3493 3600 3504 -

3058 3565 3115 3612 et
3146 3554 3353 3612 mortui
3382 3564 3515 3613 sunt
3538 3586 3553 3601 ·

3057 3645 3102 3679 ³²
3118 3648 3175 3707 N
3179 3649 3487 3708 ouissimae
3518 3660 3712 3710 autem

3057 3743 3321 3801 omniurn
3349 3756 3579 3803 mortua

3057 3848 3144 3896 est
3173 3849 3229 3896 et
3258 3837 3461 3896 mulier
3481 3869 3495 3884 ·
3556 3838 3598 3870 ⁸⁸
3617 3838 3690 3898 In

3057 3933 3480 3990 resurrectione

3057 4044 3198 4101 ergo
3227 4027 3388 4085 cuius
3417 4033 3560 4085 eoru

3056 4121 3161 4178 erit
3188 4137 3336 4178 uxor
3355 4151 3368 4165 ·
3433 4125 3592 4196 septe

3054 4214 3212 4272 enim
3242 4213 3568 4272 habuerunt

3053 4308 3210 4367 illam
3240 4326 3483 4366 uxorem
3507 4339 3520 4353 ·
3545 4338 3560 4354 ·
3577 4340 3664 4354 —-

3053 4403 3096 4436 ³⁴
3117 4401 3506 4480 Respondens
3535 4402 3681 4462 dixit
