4414 4917
791 365 875 434 72
2099 337 2474 402 SECUND
2494 371 2509 387 ·
3425 334 3590 400 [xxi.
3614 337 3732 388 8-1.
3756 352 3806 401 4·

427 538 751 592 ποιΜοΔ.
786 523 908 603 puli
924 554 940 571 ·
1000 522 1237 599 nauigio
1264 539 1307 581 u
2349 506 2610 569 recubuit
2636 506 2695 564 in
2723 523 2871 565 cena

787 629 924 678 runt
947 649 961 664 ·
1025 635 1149 676 non
1177 635 1212 676 e
2352 620 2528 679 supra
2555 610 2757 678 pectus
2785 598 2934 656 illius

788 723 913 773 erat
939 712 1120 789 longe
2352 695 2431 753 Et
2461 695 2604 754 dixit
2632 694 2747 753 dne
2777 692 2907 769 quis
2935 700 3025 750 est

791 806 909 866 Sed
937 806 1102 884 quasi
1130 823 1207 865 eu
2353 790 2452 867 qui
2481 788 2673 865 prodit
2701 798 2757 846 te
2777 818 2792 832 ·
2817 817 2832 834 ·
3105 848 3188 873 m
3263 848 3345 876 Φ
3412 847 3495 872 m
3564 848 3646 881 φ
3726 846 3813 874 m

790 900 1058 960 docentis
2353 881 2397 917 ²²
2418 882 2599 942 Hunc
2628 899 2772 957 ergo
2799 890 2864 938 ut
2890 878 3035 938 uidit

789 1005 880 1054 tes
907 995 1014 1054 reti
2354 986 2549 1053 petrus
2615 975 2768 1035 ‘dicit
2795 974 2872 1034 ad
3208 1000 3669 1062 SECUNDUM
3690 1034 3703 1049 ‚
3832 978 3955 1029 ποι.
3983 978 4076 1027 82.

790 1088 813 1122 ⁹
832 1087 915 1147 Ut
941 1105 1087 1165 ergo
2354 1070 2476 1129 ihm
2508 1071 2622 1130 dfie
2653 1102 2665 1115 ·
2698 1068 2794 1127 hie
2822 1072 2956 1127 aute

791 1192 885 1242 ate
2355 1163 2529 1241 quid·
2587 1158 2787 1222 ”dicit
2815 1161 2895 1220 illi
3082 1156 3548 1219 IOHANNEM
3576 1155 3740 1216 EXP
3781 1154 3813 1237 5

792 1295 823 1336 1·
2356 1255 2446 1315 ihs
2475 1256 2523 1315 si
2551 1256 2712 1314 illum
2739 1255 2876 1315 uolo

2356 1367 2656 1409 remanere
2684 1350 2825 1409 dum
3338 1311 3582 1372 AMEN

2357 1445 2536 1503 uenio
2566 1443 2707 1520 quid
2735 1442 2810 1502 ad
2839 1453 2895 1502 te

2356 1548 2420 1597 tu
2447 1556 2543 1596 me
2572 1555 2817 1614 sequere
2839 1568 2854 1584 ·

2356 1632 2402 1665 ²³
2419 1632 2618 1691 Exiuit
2646 1649 2788 1708 ergo
2818 1631 2910 1690 hic
2941 1649 3035 1691 ser

2357 1744 2460 1784 mo
2488 1725 2634 1784 inter
2662 1725 2863 1785 fratres
2882 1756 2896 1771 ·

3111 1521 3814 1550 §9⁵OEOEOEOE

3152 1676 3330 1737 INCI
3373 1677 3513 1737 PIT
3543 1710 3557 1725 ·
3590 1677 3687 1738 SE
3717 1710 3730 1724 ·
3758 1710 3772 1726 ·

2359 1819 2521 1896 quod
2550 1818 2864 1896 discipulus
3175 1833 3347 1895 CUN
3392 1834 3581 1894 DUM
3587 1866 3754 1882 .....

2357 1913 2451 1972 ille
2479 1931 2601 1971 non
2628 1913 2870 1971 moritur
2887 1943 2901 1959 ·

2359 2007 2438 2066 Et
2465 2026 2585 2066 non
2614 2008 2760 2066 dixit
2787 2007 2863 2065 ini
2892 2007 2979 2065 ihs
3223 1991 3331 2051 LV
3362 1992 3539 2051 KAN
3563 2025 3733 2044 ·····

2361 2120 2485 2160 non
2513 2101 2780 2160 morietur
2799 2131 2814 2148 ·
2877 2099 2995 2160 Sed

2362 2196 2412 2254 si
2438 2196 2596 2254 illum
2627 2195 2764 2254 uolo
2793 2213 2955 2253 rema
3138 2192 3366 2251 initium
3395 2194 3692 2272 euangelii

2361 2308 2499 2348 nere
2528 2289 2719 2349 donec
2749 2289 2971 2348 uenia*
3180 2288 3340 2347 sec’d
3368 2287 3573 2347 Lucan

954 2460 1024 2504 ce
1052 2455 1196 2503 oues
1224 2456 1385 2502 meas
1409 2472 1424 2489 ,
2361 2423 2504 2500 quid
2527 2421 2602 2481 ad
2626 2431 2679 2480 te
2703 2452 2718 2469 ·
2748 2418 2792 2453 ²¹
2815 2420 2934 2482 Hic
2957 2430 3045 2482 est
3062 2420 3090 2451 ¹⁸¹
3108 2425 3159 2480 1.
3202 2419 3223 2453 ²
3243 2420 3547 2494 Quoniam
3575 2419 3815 2500 quidem

977 2535 1019 2569 ιε
1038 2554 1213 2595 amen
1241 2536 1376 2596 dico
1404 2534 1508 2594 fibi
2363 2518 2680 2594 discipulus
2709 2517 2809 2595 qui
2841 2527 2927 2575 tes
3067 2515 3096 2548 *
3116 2517 3281 2574 multi
3311 2519 3507 2576 conati
3536 2528 3674 2576 sunt

970 2647 1103 2690 eras
1132 2631 1359 2690 iuuenis
1384 2661 1398 2676 .
2363 2613 2613 2671 tificatur
2641 2611 2714 2670 de
2743 2611 2834 2670 his
2857 2642 2869 2657 ·
3068 2608 3097 2642 *¹
3117 2612 3387 2670 ordinare
3415 2630 3586 2672 narra

1013 2726 1243 2802 „gebas
1270 2734 1326 2783 te
1349 2754 1365 2770 .
1426 2733 1486 2783 et
2365 2717 2425 2765 et
2451 2706 2552 2783 qui
2581 2705 2808 2781 scripsit
2837 2704 2981 2763 haec
3067 2704 3096 2737 *
3116 2706 3335 2764 tionem
3365 2725 3558 2765 rerum

1052 2819 1160 2876 bas
1186 2818 1285 2876 ubi
1313 2834 1390 2876 ω
2366 2811 2424 2861 et
2452 2800 2668 2859 scimus
2696 2799 2835 2877 quia
2862 2816 2934 2856 ue
3072 2797 3101 2831 *¹
3120 2818 3272 2877 quae
3302 2802 3362 2858 in
3392 2802 3563 2860 nobis
3593 2819 3711 2861 con
3819 2801 3830 2824 ³

1135 2926 1237 2968 um
1264 2915 1395 2968 autb:
2365 2913 2496 2954 rum
2525 2903 2611 2951 est
2640 2893 2932 2951 testimoni
3072 2891 3101 2924 ¹⁸
3120 2895 3274 2971 pleta
3303 2905 3438 2954 sunt
3458 2926 3472 2942 ·
3515 2893 3704 2956 ”sicut

1164 3003 1446 3062 extendes
2367 3007 2469 3047 um
2497 2987 2645 3046 illius
2669 3018 2683 3032 ·
2745 2983 2789 3017 ²³
2808 2997 2943 3044 sunt
3121 2990 3478 3048 tradiderunt
3507 2991 3676 3049 nobis
3696 3022 3709 3035 ·

1220 3107 1278 3156 et
1306 3097 1382 3155 ali
2368 3092 2564 3142 autem
2593 3092 2648 3139 et
2678 3080 2787 3138 alia
2815 3080 2936 3138 mul
3123 3084 3223 3160 qui
3252 3084 3327 3141 ab
3356 3084 3519 3142 initio
3548 3084 3658 3161 ipsi
3685 3084 3747 3142 ui

1299 3198 1358 3248 et
2369 3188 2429 3236 ta
2455 3194 2604 3254 quae
2636 3174 2769 3233 fecit
2798 3173 2888 3232 ihs
2912 3205 2925 3218 ·
3124 3178 3334 3237 derunt
3361 3189 3417 3236 et
3446 3180 3618 3238 minis

2368 3288 2518 3348 quae
2549 3270 2596 3327 si
2626 3268 2951 3326 scribantur
3124 3273 3193 3329 tri
3222 3271 3449 3331 fuerunt
3475 3274 3638 3332 uerbi
3663 3304 3677 3318 ·

2368 3382 2472 3441 per
2501 3361 2729 3439 singula
2756 3380 2865 3420 nec
2894 3379 2935 3418 u
3125 3365 3145 3397 ³
3165 3365 3386 3424 Placuit
3413 3376 3470 3424 et
3498 3367 3640 3424 mihi
3670 3377 3729 3426 et

2372 3475 2503 3517 sum
2531 3457 2779 3515 aestimo
2809 3472 2951 3531 poss
3127 3459 3350 3536 spiritui
3380 3467 3482 3519 seo
3513 3460 3588 3519 ad
3618 3479 3682 3520 se

2372 3569 2581 3628 capere
2610 3548 2897 3607 mundum
3127 3563 3264 3612 cuto
3294 3572 3329 3611 a
3358 3555 3644 3631 principio
3669 3586 3684 3602 ·

2373 3646 2474 3725 qui
2505 3644 2836 3703 scribuntur
3128 3649 3405 3708 omnibus
3435 3648 3652 3726 diligen

2444 3764 2527 3792 „e-
2552 3738 2682 3796 libri
2712 3762 2794 3790 »Α
3129 3753 3215 3801 ter
3283 3762 3355 3801 ex
3385 3742 3588 3802 ordine
3617 3743 3719 3802 tibi

3130 3837 3379 3895 seribere
3408 3837 3630 3913 optime

3130 3930 3428 4007 theophile
3453 3962 3466 3976 ·
3510 3931 3532 3963 ⁴
3550 3942 3614 3988 ut
3641 3949 3758 4008 cog

3133 4043 3348 4085 noscas
3376 4043 3581 4084 eorum
3611 4043 3713 4083 uer

3133 4119 3345 4177 borum
3377 4119 3451 4178 de
3480 4121 3690 4198 quibus

3134 4214 3391 4273 eruditus
3420 4232 3485 4274 es
3514 4214 3754 4274 ueritate
