4414 4917
314 517 435 566 fol.
458 518 508 568 7.

553 352 635 403 1v.
659 355 832 414 ²3-V·
862 347 970 415 ²5·]

553 519 624 578 Et
650 537 895 579 omnem
926 518 1079 577 firmi

554 624 730 673 tatem
757 615 820 672 in
849 613 1025 691 plebe
1046 639 1059 653 ·

553 705 679 767 ”Et
706 708 847 768 abiit
875 707 1035 766 fama
1063 707 1191 767 eius

555 802 614 860 in
642 812 827 861 totam
859 800 1085 878 Syriam
1107 826 1120 839 ·

555 894 631 954 Et
659 894 992 971 optulerunt
1021 894 1076 954 ei

557 1007 765 1049 omnes
791 987 945 1046 male
973 987 1053 1045 ha

555 1085 760 1142 bentes
784 1111 797 1123 ·
855 1083 1030 1141 uariis

552 1176 931 1253 languoribus
954 1207 967 1220 ·

554 1283 611 1332 et
647 1272 950 1330 tormentis
978 1289 1096 1330 con

555 1366 877 1442 prehensos
901 1392 913 1405 ·
973 1375 1031 1424 et

555 1458 937 1536 paralyticos·
1001 1468 1061 1517 et

555 1552 934 1613 demoniacos
958 1579 971 1591 ·
1035 1562 1092 1609 et

557 1647 846 1706 lunaticos
873 1656 932 1705 et
962 1664 1037 1704 cu

558 1741 702 1799 rauit
736 1758 843 1800 eos
863 1766 876 1780 ·
935 1737 1067 1797 2·''Et

559 1836 950 1912 sequebantur

558 1951 689 1993 eum
718 1933 921 1991 turbae
950 1931 1071 1990 mul

560 2038 649 2087 tae
680 2060 695 2074 ·
747 2027 822 2087 de
850 2026 1096 2103 galilea·

560 2132 615 2182 et
642 2121 911 2198 decapoli
935 2147 948 2160 ·
1007 2131 1063 2180 et
1094 2120 1171 2178 ab

560 2214 965 2292 hierosolymis
989 2242 1001 2255 ·

562 2322 617 2369 et
641 2310 813 2369 iudea
837 2340 849 2353 ·
907 2318 966 2367 et
994 2320 1155 2367 trans

564 2404 878 2465 iordanen·
939 2410 996 2463 5.
1040 2400 1150 2460 ¹Ui

564 2537 706 2597 dens
733 2547 928 2596 autem
955 2546 1045 2594 tur

564 2634 687 2710 bas!
736 2631 999 2692 ascendit
1026 2633 1086 2689 in

564 2737 823 2786 montem
851 2753 863 2765 ·
927 2735 985 2784 et
1014 2731 1089 2785 cii

566 2822 843 2881 sedisset·
903 2827 1099 2883 †acce

567 2924 760 2975 serunt
787 2914 864 2973 ad
892 2933 1029 2973 eum

569 3009 829 3087 discipuli
857 3010 982 3067 eius
1007 3035 1019 3048 ·

566 3100 671 3163 ¹Et
702 3104 924 3180 aperuit
951 3121 1021 3161 os
1050 3108 1158 3162 suii

568 3208 623 3257 et
650 3198 901 3258 docebat
925 3216 1030 3257 eos

568 3296 764 3356 dicens
790 3326 803 3340 ·
860 3294 1058 3353 ³Beati

568 3408 852 3467 pauperes
880 3394 1025 3465 spu·

568 3489 706 3560 qum
734 3483 996 3560 ipsorum
1023 3492 1112 3541 est

566 3596 807 3655 regnum
836 3577 1029 3636 celorfi
1058 3603 1069 3616 ·

567 3670 761 3731 ‘Beati
790 3672 889 3749 qui
916 3669 1125 3745 lugunt

568 3771 706 3841 qum
733 3766 844 3842 ipsi
871 3782 1059 3824 conso

565 3858 865 3919 labuntur-

568 3953 766 4014 ⁶Beati
795 3953 1089 4013 mansueti
1113 3980 1125 3992 ·

569 4052 707 4124 qum
736 4047 850 4125 ipsi
876 4046 1041 4124 possi

569 4141 786 4201 debunt
813 4152 1027 4202 terram

568 4234 755 4295 ‘Beati
778 4237 881 4314 qui
909 4234 1167 4294 esuriunt

571 4340 625 4389 et
649 4331 847 4390 sitiunt
876 4330 1155 4389 iustitia*-

570 4430 705 4500 qiim
733 4426 847 4504 ipsi
877 4433 1075 4485 satura

977 4520 1187 4580 buntur

1801 338 1934 397 MA
1956 326 2304 398 TTHEU

1312 517 1504 578 ⁷Beati
1534 520 1833 578 misericor

1313 613 1414 674 des
1443 620 1585 691 qiim
1615 615 1725 691 ipsi

1313 709 1737 768 miserabuntur
1762 734 1774 746 ·

1314 801 1507 862 ‘Beati
1537 802 1760 862 mundo
1791 821 1895 861 cor

1316 896 1388 956 de
1416 898 1697 973 quoniam
1725 897 1838 973 ipsi

1316 991 1414 1048 ἀῶ
1444 991 1727 1050 uidebunt
1754 1018 1765 1030 ·

1315 1084 1510 1144 ‘’Beati
1539 1085 1767 1162 pacifici
1795 1092 1936 1162 qum

1317 1176 1395 1237 fili
1424 1181 1481 1238 di
1509 1180 1874 1239 uocabuntur
1899 1206 1911 1218 ·

1315 1273 1358 1306 ¹⁰
1369 1273 1533 1333 Beati
1561 1275 1659 1351 qui
1687 1292 1930 1351 persecu

1314 1371 1537 1428 tionem
1571 1369 1775 1444 patiun

1316 1474 1406 1522 tur
1435 1474 1674 1539 propter
1702 1464 1791 1521 ius

1316 1558 1499 1615 titiam
1524 1583 1536 1595 ·
1596 1562 1738 1632 qum
1769 1559 1826 1633 ip

1317 1669 1515 1710 sorum
1545 1659 1632 1709 est
1661 1670 1765 1728 reg

1317 1764 1458 1803 num
1489 1745 1785 1805 caelorum
1812 1773 1822 1785 ·

1315 1840 1531 1899 ¹¹Beati
1560 1840 1713 1899 eritis
1742 1858 1877 1899 cum

1316 1935 1767 2011 exprobauerint

1316 2029 1485 2088 uobis
1514 2026 1783 2087 homines
1810 2057 1821 2068 ·

1318 2134 1375 2182 et
1404 2123 1689 2199 persecuti
1719 2123 1814 2182 fue

1316 2219 1427 2276 rint
1455 2228 1510 2276 et
1540 2217 1786 2276 dixerint

1316 2328 1492 2371 omne
1515 2313 1758 2371 uerbum

1318 2406 1536 2466 malum
1556 2407 1835 2466 aduersus

1318 2559 1427 2600 uos
1462 2540 1810 2600 mentientes

1318 2646 1554 2712 propter
1580 2654 1674 2694 me
1696 2662 1708 2674 ·

1317 2726 1637 2790 ”Gaudete
1665 2740 1724 2790 et
1751 2732 1943 2790 exulta

1319 2834 1375 2883 te
1401 2851 1412 2863 ·
1474 2830 1870 2900 qfimercestra

1318 2918 1501 2978 multa
1532 2929 1621 2977 est
1647 2920 1707 2977 in
1740 2920 1877 2978 celis
1902 2953 1913 2965 ·

1321 3013 1417 3072 Sic
1445 3014 1604 3071 enirn
1633 3031 1879 3088 persecu

1320 3110 1361 3167 ti
1395 3121 1529 3168 sunt
1557 3119 1613 3167 et
1642 3108 1811 3186 profe

1319 3215 1407 3262 tas
1435 3203 1534 3280 qui
1565 3215 1727 3261 erant
1754 3215 1887 3262 ante

1320 3315 1467 3356 uos·
1525 3296 1707 3357 ¹³Uos
1724 3299 1859 3356 estis

1321 3391 1407 3450 sal
1435 3401 1583 3451 terre
1606 3418 1618 3431 ·
1682 3391 1742 3449 Si
1770 3411 1844 3450 au

1320 3496 1438 3544 tem
1469 3486 1554 3546 sal
1581 3485 1804 3544 fatuatfi

1325 3580 1493 3639 fuerit
1573 3582 1634 3638 in
1662 3599 1781 3657 quo
1812 3582 1897 3639 sal

1322 3673 1490 3733 lietur
1560 3674 1637 3733 ad
1665 3674 1846 3734 nihilfi

1322 3769 1477 3827 ualet
1552 3769 1664 3827 nisi
1692 3778 1755 3827 ut
1784 3771 1891 3829 mit

1323 3872 1473 3922 tatur
1499 3862 1685 3922 foras·
1746 3874 1803 3923 et

1324 3956 1700 4017 conculcetur
1727 3959 1803 4017 ab

1324 4051 1661 4110 hominibus
1686 4083 1697 4095 ·
1723 4087 1807 4098 -

1324 4145 1366 4177 ¹⁴
1380 4144 1507 4205 Uos
1534 4146 1671 4205 estis
1700 4146 1798 4206 lux
1827 4148 1997 4207 huius

1325 4240 1565 4304 mundi·
1612 4240 1753 4300 Non
1783 4262 1864 4319 po

1326 4345 1435 4394 test
1465 4333 1664 4394 ciuitas
1693 4339 1916 4397 abscon

1327 4428 1384 4486 di
1415 4447 1589 4505 supra
1617 4441 1858 4491 monte*

2122 519 2354 595 posita·
2418 517 2683 596 ¹⁵Neque

2121 612 2453 671 accendunt
2481 613 2539 671 lu

2121 725 2360 765 cernam
2389 716 2446 765 et
2474 717 2703 783 ponunt

2119 818 2189 857 ea
2220 801 2328 858 sub
2358 801 2561 866 modio
2586 825 2599 838 ·

2123 892 2240 952 Sed
2276 912 2447 970 super
2474 894 2665 954 cande

2118 987 2348 1047 labrum
2444 998 2508 1046 ut
2536 989 2597 1046 lu

2121 1093 2248 1142 ceat
2277 1083 2550 1142 omnibus

2120 1176 2220 1253 qui
2250 1177 2308 1233 in
2338 1176 2520 1235 domo
2551 1188 2686 1237 sunt
2711 1202 2724 1217 ·

2123 1271 2268 1329 mgic
2300 1271 2489 1330 luceat
2516 1271 2715 1330 lumen

2122 1376 2376 1424 uestrum
2406 1378 2594 1425 cora-

2121 1459 2492 1518 hominibus·
2552 1472 2614 1519 ut

2121 1552 2356 1612 uideant
2383 1572 2566 1631 opera

2122 1658 2314 1705 uestra
2334 1649 2493 1706 bona
2518 1681 2530 1694 ·

2122 1739 2199 1799 Et
2227 1742 2610 1817 magnificent

2123 1846 2347 1910 patrem
2377 1843 2571 1895 uestrfi

2124 1929 2224 2005 qui
2253 1930 2313 1986 in
2343 1930 2517 1988 caelis
2547 1940 2634 1989 est
2658 1963 2670 1974 ·
2699 1962 2710 1974 ·
2738 1961 2751 1976 ·

2124 2048 2508 2076 mm&

2079 2115 2105 2145 *
2130 2116 2172 2149 ¹⁷
2186 2117 2386 2177 Nolite
2414 2130 2616 2194 putare

2078 2207 2104 2239 *
2130 2217 2273 2287 qum
2302 2213 2434 2270 ueni
2464 2213 2553 2271 sol

2077 2303 2105 2334 *
2126 2323 2261 2364 uere
2289 2306 2481 2382 legem

2126 2410 2224 2460 aut
2253 2400 2508 2478 profetas

2129 2533 2271 2593 Non
2301 2536 2434 2594 ueni
2465 2536 2693 2595 soluere

2056 2661 2062 2667 ·
2127 2628 2322 2705 legem
2352 2629 2458 2688 sed
2485 2630 2645 2689 adim

2130 2723 2288 2801 plere
2312 2751 2323 2763 ·
2371 2723 2615 2783 ¹⁸Amen

2125 2818 2283 2874 enim
2312 2817 2446 2877 dico
2474 2820 2645 2878 uobis

2127 2911 2340 2971 Donec
2371 2922 2628 2972 transeat

2127 3005 2353 3064 caelum
2382 3018 2440 3065 et
2469 3017 2675 3066 terra--

2129 3099 2259 3159 Iota
2287 3119 2470 3159 unum
2492 3101 2586 3160 uel

2126 3212 2278 3253 unus
2307 3213 2498 3271 apaex
2530 3214 2653 3254 non

2126 3289 2390 3347 transibit
2416 3308 2452 3348 a
2480 3290 2608 3366 lege
2657 3273 2667 3292 ⁸

2126 3384 2318 3444 donec
2347 3385 2549 3444 omnia
2578 3384 2715 3445 fiant
2748 3413 2759 3426 ·

2127 3480 2168 3512 ¹⁹
2191 3479 2313 3552 Qui
2342 3481 2499 3538 enim
2530 3480 2766 3538 soluerit

2125 3592 2310 3631 unum
2344 3573 2417 3632 de
2446 3574 2663 3633 manda

2126 3670 2196 3727 tis
2225 3669 2349 3727 istis
2377 3668 2664 3727 minimis·

2127 3773 2187 3822 et
2217 3763 2479 3821 docuerit
2506 3763 2587 3820 sic

2127 3857 2429 3916 homines·
2487 3856 2630 3913 mini

2129 3969 2262 4009 mus
2288 3951 2594 4009 uocabitur

2130 4046 2191 4103 in
2221 4062 2405 4120 regno
2436 4042 2728 4102 caeloru-·

2132 4140 2251 4213 Qui
2280 4152 2476 4199 autem
2503 4139 2701 4199 fecerit

2132 4245 2190 4294 et
2221 4234 2483 4293 docuerit
2574 4233 2669 4292 hic

2134 4346 2385 4405 magnus
2411 4329 2625 4388 uocabi

2133 4434 2225 4482 tur
2243 4425 2302 4482 in
2321 4440 2507 4499 regno
2529 4423 2818 4483 caeloru‘·

3543 351 3583 419 5

2880 514 3089 578 ²⁰Dico
3118 528 3314 578 autem
3343 521 3515 580 uobis
3609 525 3733 574 ποι.
3758 527 3812 573 8.

2880 620 3023 690 qum
3053 614 3163 674 nisi
3193 616 3350 674 abun

2881 707 3104 767 dauerit
3126 709 3341 768 iustitia

2879 812 3106 861 uestra·
3165 802 3297 878 plus

2879 913 3055 972 quam
3085 898 3345 955 scribari'i
3371 924 3383 936 ·

2878 1001 2936 1048 et
2964 989 3348 1065 phariseoru-

2880 1084 3222 1143 nontrabitis
3249 1086 3309 1143 in
3338 1097 3435 1162 r⁰g

2880 1195 3023 1235 num
3054 1178 3349 1238 caelorum
3374 1207 3385 1218 ·

2877 1269 2918 1302 ²¹
2932 1272 3190 1332 Audistis
3217 1274 3354 1350 quia
3382 1274 3475 1334 dic

2775 1384 2785 1401 ‘
2879 1375 3003 1423 tum
3033 1376 3119 1425 est
3147 1368 3400 1445 antiquis
3421 1395 3434 1408 ·

2881 1477 3005 1519 non
3032 1461 3302 1521 occides·
3360 1466 3462 1540 qui

2881 1566 3076 1613 autem
3106 1557 3384 1616 occiderit

2883 1667 3016 1706 reus
3045 1650 3152 1708 erit
3179 1651 3375 1710 iudicii
3399 1678 3412 1691 ·

2882 1740 3071 1818 ”Ego
3100 1738 3294 1803 autem
3324 1746 3462 1806 dico
3492 1766 3572 1808 uo

2882 1838 3003 1896 bis·
3065 1840 3227 1914 quod
3256 1842 3451 1899 omnis

2884 1932 2983 2007 qui
3015 1932 3273 1991 irascitur
3299 1932 3386 1992 fra

2883 2026 2954 2082 tri
2984 2044 3091 2085 suo
3121 2027 3246 2086 sine
3274 2046 3452 2087 causa
3477 2056 3489 2069 ·

2884 2137 3018 2177 reus
3047 2120 3154 2177 erit
3182 2120 3375 2180 iudicii
3402 2148 3414 2160 ·

2887 2213 3005 2285 Qui
3033 2225 3227 2274 autem
3257 2215 3462 2276 dixerit

2885 2307 3042 2367 fratri
3072 2325 3178 2367 suo
3197 2309 3405 2368 racha·

2884 2420 3015 2462 reus
3046 2402 3151 2462 erit
3179 2404 3463 2464 concilio·

2888 2533 3006 2606 Qui
3035 2547 3229 2594 autem
3258 2536 3495 2598 dixserit

2887 2628 3040 2687 fatue
3100 2647 3233 2689 reus
3261 2631 3367 2689 erit

2885 2721 3154 2798 gehenne
3182 2724 3332 2800 ignis
3355 2751 3368 2764 ·

2887 2815 3001 2877 23Si
3030 2836 3173 2895 ergo
3203 2819 3414 2879 offeres
3443 2839 3547 2882 mu

2889 2931 3000 2972 nus
3029 2921 3192 2971 tuum
3221 2914 3297 2972 ad
3325 2915 3440 2975 alta

2887 3025 3011 3065 rem
3077 3018 3135 3066 et
3165 3009 3244 3066 ibi
3274 3027 3432 3070 reme

2885 3112 3147 3177 moratus
3175 3101 3347 3162 fueris
3371 3136 3384 3148 ·

2885 3196 3023 3271 quia
3049 3195 3223 3255 frater
3250 3207 3384 3257 tuus

2857 3363 2866 3370 ὁ
2883 3288 3061 3348 habet
3094 3290 3347 3367 aliquem

2884 3383 3196 3442 aduersum
3225 3396 3280 3444 te
3304 3410 3318 3424 ·

2883 3477 3181 3555 “Relique
3210 3479 3287 3536 ibi
3315 3498 3448 3540 mus

2885 3581 3050 3630 tuum
3079 3582 3211 3631 ante
3241 3573 3420 3632 altare
3446 3608 3457 3621 ·
3488 3608 3498 3620 ·
3527 3608 3540 3622 ·

2883 3675 2940 3723 et
2969 3666 3122 3725 uade
3149 3667 3308 3743 prius
3337 3687 3401 3727 re

2885 3760 3191 3819 conciliare
3220 3760 3377 3820 fratri

2884 3866 2985 3912 tuo
3012 3879 3023 3891 ·
3089 3865 3147 3912 et
3176 3864 3312 3914 tunc

2885 3948 3130 4007 ueniens
3157 3947 3335 4007 offers

2888 4059 3104 4102 munus
3135 4054 3300 4101 tuum
3319 4069 3368 4082 ··

2885 4133 3086 4195 25Ε5ῑο
3115 4139 3494 4201 consentiens

2885 4232 3216 4293 aduersario
3243 4243 3346 4293 tuo

2887 4329 3003 4387 cito
3040 4347 3175 4388 cum
3202 4346 3266 4388 es
3295 4347 3434 4388 curn

2833 4423 2986 4483 --illo
3016 4425 3076 4483 in
3104 4425 3200 4484 uia
3224 4450 3236 4463 ·
3298 4443 3373 4483 ne
3403 4424 3495 4484 sor

3454 4530 3510 4578 te
