4414 4917
791 326 911 391 108
2153 321 2393 385 SECD
2415 354 2431 371 ·
3190 330 3382 396 [xxm.
3406 335 3714 398 47-xx111.
3745 343 3795 399 7·

491 510 614 560 ποι.
640 512 762 561 158.
788 513 879 562 tur
906 503 1071 562 iudas
1152 517 1302 559 unus
1332 518 1405 558 ex
1533 500 1592 557 in
1623 499 1867 558 domum
1897 499 2026 575 prin
2330 498 2665 575 priusquam
2693 496 2879 573 gallus
3082 497 3476 556 testimonium
3508 498 3567 574 ip
3817 496 3941 548 rol„
3964 497 4086 548 154-

788 596 1102 658 duodecim
1131 606 1334 654 antece
1532 595 1676 670 cipis
1706 594 2012 655 sacerdotri
2034 629 2048 644 ·
2331 602 2526 652 cantet
2558 603 2644 650 ter
2672 610 2767 650 me
2798 608 2949 667 nega
3083 591 3132 649 si
3158 592 3316 650 enim
3345 592 3671 651 audiuimus

786 692 963 751 debat
991 708 1093 749 eos
1116 721 1131 736 ·
1196 689 1274 747 Et
1302 688 1487 765 adpro
1531 686 1734 747 Petrus
1754 707 1895 748 uero
1923 708 1986 748 se
2329 688 2415 746 bis
2440 718 2453 733 ·
2514 685 2558 720 ⁶²
2571 687 2646 745 Et
2670 687 2868 745 exiens
2895 685 3032 745 foris
3084 685 3156 743 de
3184 703 3283 744 ore
3312 686 3492 762 ipsius
3516 717 3530 732 ·
3552 719 3636 731 —-

783 786 951 863 pians
979 784 1076 842 ihu
1104 784 1304 843 oscula
1530 783 1815 858 quebatur
1840 801 1976 841 eum
2329 793 2524 859 petrus
2553 780 2709 839 fleuit
2738 798 2872 839 ama
3084 786 3185 839 23.
3216 778 3613 857 ¹Etexurgens
3630 782 3821 842 omnis

784 881 830 938 ri
857 897 992 938 eum
1017 909 1031 924 ·
1096 878 1139 910 ⁴⁸
1156 878 1297 936 dixit
1327 881 1458 935 aute
1530 896 1565 935 a
1595 876 1766 954 longe
1790 910 1801 923 ·
1826 908 1840 922 ·
1904 877 1950 909 ⁵⁶
1970 876 2172 936 Accen
2370 901 2451 926 m
2478 875 2734 933 rissimae
2754 900 2836 923 ω
3084 873 3396 932 multitudo
3426 874 3594 934 illoru
3613 907 3626 922 ·

783 973 860 1031 illi
891 972 978 1031 ihs
1001 1003 1015 1018 ·
1079 972 1212 1029 iuda
1241 988 1385 1031 oscu
1531 987 1599 1029 so
1634 981 1829 1028 autem
1858 971 1978 1047 igni
2006 971 2065 1028 in
2282 966 2310 999 *
2332 969 2374 1001 ⁶⁸
2391 968 2466 1026 Et
2493 969 2598 1026 uiri
2627 969 2727 1044 qui
2762 967 3036 1028 tenebant
3088 967 3376 1026 duxerunt
3403 986 3548 1033 eum

781 1067 902 1125 lum
932 1066 1110 1124 filium
1141 1065 1305 1123 homi
1528 1065 1726 1123 medio
1765 1066 1909 1123 atrio
1991 1064 2068 1123 Et
2283 1061 2311 1093 *
2332 1063 2452 1121 ihm
2482 1063 2816 1120 inludebant
3090 1062 3164 1121 ad
3192 1062 3433 1139 pilatum
3458 1093 3471 1108 ·
3533 1060 3556 1094 ¹
3574 1062 3700 1125 Coe

784 1161 873 1218 nis
901 1159 1077 1219 tradis
1103 1191 1117 1205 ·
1182 1161 1226 1192 ⁴⁹
1244 1158 1406 1236 quod
1530 1176 1665 1215 cum
1695 1158 1977 1217 circumse
2281 1155 2309 1188 *
2331 1176 2465 1215 eum
2490 1188 2503 1203 ·
2548 1158 2592 1189 ⁸⁴
2609 1157 2685 1214 Et
2704 1155 3039 1215 uelauerunt
3087 1166 3297 1234 perunt
3325 1167 3522 1216 autem

784 1272 919 1313 cum
946 1254 1215 1312 uiderunt
1242 1253 1303 1311 hi
1530 1251 1796 1310 dentibus
1827 1252 1965 1310 sede
2329 1251 2533 1309 faciem
2561 1251 2682 1309 eius
2701 1281 2715 1296 ·
2781 1258 2838 1308 et
2867 1267 2969 1326 per
3087 1269 3359 1310 accusare
3387 1251 3547 1309 illum

783 1348 881 1426 qui
910 1348 1064 1407 circa
1091 1348 1280 1423 ipsum
1309 1365 1342 1405 e
1529 1347 1627 1403 bat
1655 1356 1711 1404 et
1740 1356 1933 1422 petrus
2330 1346 2623 1404 cutiebant
2653 1362 2786 1402 eum
2818 1343 2876 1401 di
3088 1344 3344 1404 dicentes
3371 1376 3384 1391 ·
3411 1377 3424 1391 ·
3489 1346 3671 1405 Hunc

780 1453 910 1500 rant
939 1442 1207 1500 dixerunt
1528 1439 1589 1496 in
1616 1439 1812 1498 medio
1845 1457 2048 1499 eorum
2329 1447 2526 1497 centes
2551 1469 2564 1484 ·
2629 1437 2906 1515 profetiza
3083 1438 3411 1498 inuenimus
3440 1441 3548 1499 sub

782 1534 897 1594 dfie
928 1536 974 1594 si
1003 1535 1261 1612 percutie
1527 1532 1571 1565 ⁵⁸
1590 1532 1785 1605 Quem
1815 1551 1951 1592 cum
1979 1533 2123 1591 uidit
2329 1533 2456 1611 quis
2488 1543 2576 1591 est
2604 1532 2702 1607 qui
2731 1541 2787 1589 te
2817 1549 2919 1609 per
3085 1542 3406 1592 uertentem
3429 1532 3522 1610 ple

781 1646 915 1687 mus
932 1629 989 1687 in
1009 1629 1205 1705 gladio
1239 1627 1370 1687 ³⁰Et
1384 1647 1485 1705 per
1528 1628 1737 1686 ancilla
1768 1628 2008 1686 sedente
2330 1627 2507 1685 cusit·
2530 1659 2543 1673 ·
2569 1624 2700 1684 ⁶⁵Et
2722 1626 2832 1683 alia
2853 1624 3036 1684 multa
3084 1627 3222 1685 bem
3252 1636 3512 1685 nostram
3535 1659 3550 1674 ·

781 1723 962 1782 cussit
988 1740 1142 1781 unus
1170 1741 1241 1781 ex
1274 1723 1380 1781 illis
1528 1722 1602 1780 ad
1635 1721 1829 1779 lumen
1858 1722 2088 1780 intuens
2329 1720 2741 1779 blasfemantes
2775 1719 2903 1777 dice
3085 1720 3163 1778 Et
3191 1721 3517 1780 soluentem
3546 1721 3600 1780 le

781 1833 1015 1875 seruum
1046 1817 1324 1893 principis
1529 1816 1683 1874 illum
1717 1815 1861 1873 dixit
1887 1824 1945 1874 et
1972 1814 2066 1873 hic
2328 1815 2468 1873 bant
2486 1815 2543 1872 in
2562 1832 2716 1873 eum·
2753 1812 2951 1871 ωΕῑῑ]ι
2968 1812 3059 1872 fac
3085 1833 3220 1891 gem
3252 1824 3513 1874 nostram
3541 1816 3622 1874 Et

781 1911 1151 1970 sacerdotum
1171 1942 1184 1956 ·
1248 1911 1327 1969 Et
1355 1929 1452 1968 am
1528 1910 1601 1968 de
1631 1910 1714 1967 eis
1742 1918 1829 1967 est
1912 1909 2010 1985 qui
2040 1915 2115 1967 οῦ
2330 1920 2420 1967 tus
2454 1919 2540 1967 est
2572 1910 2696 1967 dies
2726 1925 2917 1967 conue
3086 1907 3341 1984 profetas
3361 1940 3375 1954 ·
3436 1909 3514 1967 Et
3542 1927 3651 1986 pro

777 2005 1001 2080 putauit
1030 2004 1325 2062 auricula·
1528 2004 1658 2079 ipso
1687 2012 1849 2061 erant
1879 2013 2106 2078 semper
2131 2034 2143 2047 ·
2171 2033 2184 2048 ·
2327 2004 2412 2061 nit
2440 2003 2854 2079 presbyterium
3084 2001 3382 2061 bibentem
3410 2003 3558 2062 tribu

780 2098 905 2156 eius
935 2098 1198 2156 dextram
1222 2129 1235 2144 ·
1263 2130 1275 2144 ·
1304 2130 1316 2143 ·
1526 2096 1571 2129 ⁶⁷
1590 2096 1669 2153 At
1699 2097 1790 2155 ille
1821 2098 2053 2172 negauit
2084 2096 2136 2155 ei
2171 2096 2228 2154 di
2328 2096 2511 2172 plebis
2581 2109 2637 2155 et
2666 2097 2851 2173 prinei
3085 2105 3144 2154 ta
3173 2095 3294 2154 dari
3325 2097 3545 2155 caesari
3569 2128 3584 2143 ·

779 2188 822 2223 ⁸¹
842 2190 1232 2267 Respondens
1262 2201 1456 2250 autem
1526 2208 1667 2249 cens
1750 2191 1952 2248 mulier
1980 2208 2104 2248 non
2329 2209 2434 2267 pes
2464 2191 2835 2249 sacerdotum
3085 2189 3164 2248 Et
3192 2189 3484 2249 dicentem
3513 2209 3574 2250 se
3602 2196 3746 2267 xpm

779 2284 870 2342 ihs
900 2283 1041 2342 dixit
1065 2316 1080 2331 ·
1147 2285 1311 2343 sinite
1527 2285 1665 2343 noui
1700 2284 1860 2342 illum
1943 2284 1985 2316 ⁶⁸
2004 2283 2079 2341 Et
2107 2284 2125 2340 i
2329 2294 2386 2342 et
2414 2286 2636 2343 scribae
2704 2284 2782 2342 Et
2812 2284 2967 2342 duxe
3082 2301 3282 2360 regem
3310 2302 3437 2343 esse
3450 2316 3510 2330 ·-

776 2394 962 2455 usque
992 2377 1104 2437 hoc
1131 2409 1145 2423 ·
1210 2379 1287 2437 Et
1314 2389 1414 2438 tan
1525 2389 1711 2437 terum
1742 2388 1873 2454 post
1902 2378 2053 2454 pusil
2330 2387 2462 2437 runt
2491 2378 2650 2435 illum
2677 2379 2736 2436 in
2767 2398 2880 2437 con
3086 2376 3329 2436 ⁸Pilatus
3353 2387 3546 2437 autem

778 2528 926 2587 gens
954 2510 1268 2569 auriculam
1525 2509 1644 2568 lum
1675 2509 1882 2568 uidens
1912 2528 2050 2568 eum
2332 2512 2526 2571 cilium
2556 2529 2724 2568 suum
2748 2541 2761 2557 ·
2826 2510 2904 2569 Et
2932 2511 2992 2568 in
3085 2508 3327 2567 audiens
3356 2509 3572 2567 interro

777 2603 900 2662 eius
929 2606 1154 2663 sanauit
1181 2622 1317 2663 eum
1534 2601 1646 2660 alia
1674 2602 1813 2661 dixit
1837 2635 1850 2648 ·
1916 2602 2097 2662 homo
2127 2613 2183 2661 et
2333 2606 2704 2682 terrogabant
2732 2623 2869 2664 eum
3087 2603 3246 2678 gauit
3271 2620 3407 2661 eum
3440 2602 3639 2661 dicens
3664 2634 3728 2645 —

778 2696 823 2730 ⁸²
839 2698 914 2756 Et
943 2699 1084 2756 dixit
1114 2698 1202 2756 ihs
1232 2698 1307 2757 ad
1334 2715 1440 2757 eos
1534 2707 1595 2754 tu
1623 2714 1758 2755 cum
1787 2697 1884 2756 illo
1911 2714 2041 2755 eras
2069 2703 2132 2756 se
2336 2700 2591 2758 dicentes
2621 2700 2667 2757 si
2698 2710 2759 2758 tu
2787 2717 2852 2758 es
3088 2705 3150 2754 tu
3178 2714 3241 2754 es
3271 2714 3371 2755 rex
3399 2697 3638 2756 iudeorfi
3662 2728 3676 2744 ·

778 2792 876 2867 qui
902 2803 1185 2851 uenerunt
1213 2792 1287 2849 ad
1534 2809 1638 2869 per
1668 2820 1682 2835 ·
1747 2792 1844 2867 qui
1873 2809 2088 2867 respon
2335 2799 2446 2869 xps
2476 2794 2567 2851 dic
2597 2793 2801 2852 nobis·
2865 2793 2996 2851 ⁶⁷Et
3089 2800 3149 2848 at
3175 2789 3267 2848 ille
3298 2790 3662 2866 respondens

776 2902 911 2943 eum
942 2903 975 2942 a
998 2885 1307 2961 principibs
1532 2884 1615 2942 dit
1638 2914 1652 2929 ·
1713 2902 1834 2943 non
1863 2903 1992 2942 sum
2021 2902 2135 2961 ego
2159 2915 2173 2930 ·
2336 2888 2475 2945 dixit
2503 2887 2609 2945 illis
2633 2917 2647 2932 ·
2713 2886 2758 2944 si
2788 2887 2956 2944 uobis
3090 2884 3169 2942 ait
3188 2914 3202 2928 ·
3253 2894 3314 2942 tu
3343 2884 3487 2943 dicis
3506 2915 3520 2930 ·
3563 2884 3690 2943 ‘Ait
3718 2904 3793 2944 au

777 2976 1145 3037 sacerdotum
1178 2987 1235 3035 et
1532 2977 1576 3010 ⁶⁹
1597 2978 1672 3037 Et
1700 2978 2000 3037 interuallo
2335 2982 2536 3040 dixero
2565 2998 2688 3038 non
2716 2980 2887 3038 crede
3091 2988 3209 3036 tem
3238 2978 3442 3053 pilatus
3469 2978 3544 3036 ad
3571 2953 3683 3057 pii-n

774 3071 1201 3147 magistratibus
1530 3071 1685 3131 facto
1715 3071 1891 3130 horae
1921 3072 2092 3130 unius
2115 3103 2128 3118 ·
2336 3076 2407 3133 tis
2432 3106 2445 3120 ·
2511 3074 2553 3106 ⁸⁸
2574 3073 2634 3131 Si
2665 3073 2957 3150 interroga
3090 3072 3249 3146 cipes
3277 3072 3580 3131 sacerdotii

775 3165 979 3241 templi
1005 3174 1063 3223 et
1091 3165 1301 3224 seniori
1530 3166 1675 3224 alius
1704 3165 2065 3225 contendens
2335 3186 2474 3227 uero
2503 3186 2625 3227 non
2654 3185 2870 3245 respon
3090 3176 3149 3224 et
3183 3166 3377 3224 turbas
3401 3196 3415 3211 ·
3480 3165 3619 3223 nihil
3647 3162 3701 3209 in

774 3258 886 3317 bus
910 3288 924 3304 ·
984 3258 1149 3336 quasi
1177 3258 1253 3316 ad
1284 3258 1338 3317 la
1529 3260 1671 3318 dixit
1695 3290 1708 3305 ·
1769 3277 1902 3317 uere
1933 3269 1989 3317 et
2016 3260 2108 3318 hic
2337 3262 2480 3320 detis
2508 3261 2651 3319 mihi
2680 3278 2870 3339 neque
3091 3261 3266 3319 uenio
3295 3277 3473 3319 causa
3501 3261 3561 3317 in
3589 3259 3700 3319 hoc

772 3360 1003 3412 tronem
1037 3353 1232 3411 existis
1527 3371 1661 3413 eum
1691 3353 1788 3412 illo
1821 3363 1943 3412 erat
1964 3384 1977 3399 ·
2039 3371 2176 3411 nam
2336 3354 2626 3414 dimittetis
2651 3386 2664 3401 ·
2687 3387 2700 3400 ·
2724 3387 2808 3398 —
3091 3352 3326 3412 homine
3352 3383 3365 3398 ·
3430 3353 3453 3386 ⁸
3473 3354 3552 3411 At
3580 3353 3654 3411 illi
3683 3354 3745 3411 in

773 3464 908 3504 cum
937 3446 1143 3523 gladiis
1170 3457 1227 3505 et
1256 3446 1346 3504 fus
1527 3457 1584 3505 et
1615 3448 1855 3524 galileus
1883 3458 1969 3506 est
1993 3479 2007 3492 ·
2070 3446 2115 3480 ⁶⁰
2133 3466 2207 3525 pe
2332 3447 2375 3480 ⁶⁹
2396 3447 2488 3506 Ex
2517 3449 2628 3508 hoc
2659 3457 2853 3507 autem
2882 3449 2986 3508 erit
3090 3447 3462 3506 ualeseebant
3490 3447 3659 3506 dicen

772 3541 927 3598 tibus
990 3540 1035 3573 ⁶³
1052 3540 1206 3600 Cum
1237 3541 1377 3600 cotti
1465 3533 1468 3536 “
1527 3552 1650 3601 trus
1679 3552 1874 3600 autem
1905 3541 2044 3600 dixit
2068 3573 2082 3587 ·
2336 3543 2484 3601 filius
2512 3542 2768 3601 hominis
3090 3550 3177 3600 tes
3197 3572 3211 3587 ·
3272 3540 3623 3601 Commouet
3651 3559 3731 3619 po

773 3633 866 3692 die
895 3634 1202 3716 uobiscum
1231 3633 1291 3693 fu
1528 3635 1707 3696 homo
1738 3636 1936 3695 nescio
1964 3635 2105 3712 quid
2334 3636 2541 3695 sedens
2574 3636 2649 3694 ad
2679 3635 2892 3694 dextris
3088 3635 3288 3712 pulum
3317 3654 3421 3711 per
3448 3637 3653 3695 uniuer

773 3728 919 3786 erim
947 3729 1006 3785 in
1035 3728 1254 3805 templo
1526 3730 1686 3789 dicas
1711 3761 1724 3776 ·
1785 3729 1861 3788 Et
1889 3730 2165 3789 continuo
2335 3731 2552 3788 uirtutis
2581 3730 2640 3788 di
2659 3761 2673 3775 ·
2738 3728 2784 3761 ⁷⁰
2797 3729 2874 3787 Et
2902 3729 3001 3788 dix
3090 3747 3215 3787 sam
3245 3728 3474 3787 iudeam
3498 3760 3512 3775 ·
3578 3730 3693 3789 inci

775 3840 897 3880 non
929 3823 1264 3881 extendistis
1527 3824 1715 3884 adhuc
1743 3824 1841 3883 illo
1869 3824 2138 3900 loquente
2334 3833 2501 3883 erunt
2528 3842 2734 3883 omnes
3089 3823 3254 3899 piens
3282 3841 3317 3881 a
3345 3824 3555 3899 galilea
3585 3842 3718 3900 usqr

772 3916 835 3973 in
862 3934 956 3974 me
987 3933 1194 3975 manus
1215 3948 1229 3962 ·
1528 3919 1779 3977 cantauit
1811 3918 1998 3994 gallus
2022 3950 2036 3964 ·
2083 3917 2125 3951 ⁶¹
2142 3918 2220 3976 Et
2333 3927 2395 3976 tu
2424 3936 2535 3994 ego
2563 3935 2626 3976 es
2656 3917 2802 3975 filius
3087 3916 3200 3974 hue
3225 3947 3240 3961 ·
3306 3917 3328 3950 ⁶
3346 3918 3555 3993 pilatus
3584 3923 3717 3977 aute

774 4009 878 4067 sed
907 4008 1016 4068 hec
1046 4020 1134 4069 est
1162 4010 1304 4069 hora
1527 4030 1843 4071 conuersus
1872 4011 1981 4069 dfis
2009 4030 2071 4070 re
2335 4011 2394 4070 di
2418 4043 2431 4057 ·
2495 4011 2595 4069 Ait
2623 4021 2816 4069 autem
2845 4010 2953 4070 illis
3087 4010 3328 4068 audiens
3357 4011 3624 4086 galileam
3644 4042 3659 4058 ·

772 4113 964 4160 uestra
992 4112 1049 4162 et
1077 4112 1244 4178 potes
1525 4106 1712 4181 spexit
1740 4116 1967 4182 petrum
1991 4136 2004 4151 ·
2069 4106 2145 4164 Et
2332 4123 2440 4165 uos
2472 4105 2656 4163 dicitis
2684 4105 2842 4181 quod
3089 4104 3472 4181 Interrogauit
3502 4107 3549 4163 si
3578 4123 3613 4163 a
3639 4123 3719 4183 ga

771 4206 861 4254 tas
889 4198 1253 4255 tenebrarum
1278 4228 1292 4243 ·
1525 4209 1943 4258 rememoratus
1969 4208 2057 4257 est
2332 4218 2446 4276 ego
2474 4217 2603 4257 sum
2625 4231 2638 4245 ·
2702 4198 2744 4232 ⁷¹
2764 4199 2842 4256 At
2870 4198 2947 4256 illi
3085 4198 3216 4257 lilea
3237 4199 3418 4258 homo
3445 4207 3631 4257 esset·

771 4288 813 4321 ⁸⁴
832 4289 908 4346 Et
937 4290 1343 4366 conprehensi!
1523 4302 1720 4369 petrus
1747 4293 1991 4351 uerbum
2020 4292 2118 4351 dni
2333 4294 2593 4352 dixerunt
2620 4293 2761 4371 quid
3087 4292 3109 4325 ⁷
3126 4301 3184 4350 et
3220 4301 3284 4349 ut
3317 4293 3595 4368 cognouit
3623 4283 3776 4369 qudd

770 4382 932 4441 illum
962 4382 1249 4441 duxerunt
1524 4386 1667 4444 sicut
1696 4385 1836 4443 dixit
1862 4385 1942 4443 illi
2235 4403 2240 4504 3
2335 4387 2523 4447 adhuc
2552 4387 2946 4446 desideramus
3086 4384 3159 4444 de
3189 4385 3421 4445 herodis
3451 4396 3677 4461 potesta
