4414 4917
286 530 419 579 1¹01.
445 530 569 580 842.

611 355 778 405 XVII.
808 369 831 404 2
842 354 1106 405 1-XVI11.
1134 356 1234 420 ια]

611 528 771 589 Sicut
797 540 862 588 tu
894 539 1058 607 pater
1084 530 1143 587 in
1174 547 1271 588 me

609 633 667 682 et
693 641 807 700 ego
836 624 898 681 in
929 634 983 681 te
1055 633 1118 681 ut
1146 634 1205 683 et
1232 623 1272 682 il

608 716 646 774 li
673 717 733 774 in
762 718 933 777 nobis
961 734 1146 774 unum

606 810 755 868 sint·
798 819 862 867 ut
889 810 1147 869 mundus

607 904 805 963 credat
832 905 970 981 quia
999 914 1060 962 tu
1087 922 1186 962 me

607 997 810 1056 misisti
830 1029 844 1044 ·
898 995 1035 1056 ”Et
1064 1017 1178 1076 ego
1207 997 1308 1075 glo

606 1091 752 1149 riam
782 1110 962 1169 quam
992 1092 1158 1153 dedis

607 1186 649 1245 ti
676 1186 819 1244 mihi
848 1186 984 1246 dedi
1013 1187 1120 1245 illis
1140 1218 1154 1233 ·

607 1288 672 1338 ut
698 1279 813 1339 sint
839 1298 1022 1339 unum
1052 1281 1200 1340 sicut

609 1390 719 1432 nos
747 1390 932 1432 unum
962 1392 1162 1433 sumus
1181 1405 1195 1421 ·

608 1466 979 1543 ”Egoinillis
998 1469 1193 1527 ettuin
1209 1486 1305 1527 me

609 1569 672 1618 ut
699 1561 814 1619 sint
842 1561 1080 1637 perfecti
1110 1562 1171 1620 in

607 1671 789 1712 unum
815 1686 830 1700 ·
874 1654 950 1714 Et
979 1665 1042 1713 ut
1070 1673 1188 1731 cog

607 1758 810 1807 noscat
836 1748 932 1809 hic
960 1750 1215 1809 mundus

610 1842 746 1918 quia
776 1853 836 1901 tu
865 1862 961 1903 me
990 1844 1193 1903 misisti
1213 1875 1228 1890 ·

607 1933 682 1995 Et
709 1937 957 1996 dilexisti
984 1937 1113 1997 illos
1142 1938 1291 1997 sicut

606 2047 698 2090 me
728 2030 980 2091 dilexisti
1005 2063 1019 2077 ·
1062 2029 1107 2065 ²⁴
1128 2032 1211 2091 Pa

604 2134 687 2185 ter
715 2136 860 2202 quo⁵
887 2125 1095 2185 dedisti
1122 2127 1202 2183 mi

606 2217 663 2277 hi
703 2219 845 2278 uolo
873 2229 939 2277 ut
965 2219 1105 2278 hubi
1133 2236 1250 2296 ego

607 2329 736 2372 sum
764 2323 822 2372 et
850 2313 931 2372 illi
958 2314 1072 2372 sint
1098 2332 1194 2373 me

606 2463 739 2505 cum
758 2476 773 2493 ·
817 2454 882 2504 ut
908 2444 1150 2504 uideant

605 2538 849 2614 gloriam
876 2557 1072 2598 meam

604 2633 863 2709 quamihi
891 2633 1099 2693 dedisti
1121 2663 1137 2679 ·

606 2728 739 2804 quia
769 2728 1015 2787 dilexisti
1044 2746 1142 2787 me

605 2830 737 2880 ante
766 2821 1103 2880 constitutio

603 2933 739 2974 nem
766 2915 974 2974 mundi
996 2947 1010 2961 ·
1054 2915 1100 2948 ²⁶
1116 2933 1193 2991 pa

604 3017 685 3066 ter
711 3009 861 3068 iuste
882 3040 896 3055 ·
940 3009 1198 3069 mundus

600 3111 658 3162 te
686 3120 808 3162 non
837 3104 1116 3179 cognouit
1135 3134 1149 3150 ·

603 3193 734 3272 Ego
764 3208 961 3255 autern
992 3207 1047 3255 te
1076 3213 1274 3273 cogno

603 3290 661 3347 ui
679 3322 694 3337 ·
738 3300 797 3349 et
826 3291 919 3348 isti
947 3307 1220 3365 cognoue

600 3394 733 3444 runt
761 3385 899 3462 quia
925 3396 990 3443 tu
1017 3402 1113 3443 me
1141 3385 1223 3442 mi

604 3479 721 3538 sisti
763 3476 807 3511 ’ὅ
825 3488 882 3538 et
910 3490 1117 3538 notum
1145 3477 1202 3538 fe

603 3573 655 3631 ci
682 3573 791 3632 illis
821 3592 1040 3633 nomen
1069 3583 1221 3632 tuu-

605 3677 660 3726 et
686 3669 994 3745 cognitum
1023 3667 1219 3727 facia*
1240 3697 1256 3714 ·

604 3771 663 3819 ut
692 3763 900 3821 caritas
928 3780 1045 3838 qua
1073 3780 1171 3820 me
1248 3801 1253 3806 ·

605 3855 850 3914 dilexisti
879 3856 939 3912 in
967 3856 1097 3914 illos
1128 3856 1200 3914 sit

602 3975 680 3999 m
700 3961 759 4009 et
785 3967 901 4026 ego
929 3949 989 4006 in
1016 3948 1127 4006 illis
1145 3973 1226 3998 „1-

1856 351 2079 412 IOHA
2090 339 2300 412 NNE'
2314 380 2327 395 ·

1363 539 1520 588 trans
1550 532 1801 587 torrente

1362 623 1620 683 caedron
1689 623 1790 681 ubi
1819 632 1934 681 ersst

1361 715 1564 775 hortus
1592 717 1650 774 in
1680 734 1800 793 quo
1828 716 1890 773 in

1359 810 1555 868 troiuit
1584 810 1708 886 ipse
1737 819 1795 868 et
1823 808 1912 868 dis
1976 882 1985 889 ³

1360 903 1538 980 cipuli
1559 904 1683 962 eius
1702 935 1717 950 ·
1760 904 1782 937 ²
1803 902 1899 962 Sei

1360 997 1497 1056 ebat
1524 1007 1722 1056 autem
1752 1006 1810 1056 et
1840 996 2000 1055 iudas

1360 1093 1462 1167 qui
1491 1109 1628 1150 eum
1658 1092 1871 1150 traditu

1359 1203 1457 1243 rus
1485 1195 1605 1244 erat
1631 1185 1831 1244 locum
1854 1216 1869 1230 ·

1360 1279 1498 1357 quia
1526 1278 1864 1357 frequenter

1359 1384 1719 1432 conuenerat
1747 1374 1837 1431 ihs

1358 1466 1437 1524 ibi
1467 1484 1600 1526 cum
1633 1465 1931 1543 discipulis

1355 1561 1476 1620 suis
1498 1592 1513 1608 ·
1568 1561 1590 1595 ³
1608 1561 1787 1620 Iudas
1815 1562 1962 1638 itaqs

1356 1662 1593 1732 accepta
1621 1654 1868 1714 cohorte

1356 1749 1599 1808 militum
1628 1758 1687 1807 et
1716 1766 1751 1806 a
1779 1747 1909 1826 prin

1357 1843 1582 1920 cipibus
1612 1861 1778 1902 sacer

1358 1937 1564 1995 dotum
1593 1947 1650 1997 et
1678 1937 1852 1997 farise

1356 2048 1526 2090 orum
1554 2031 1831 2090 ministris
1848 2062 1863 2078 ·

1355 2124 1516 2182 uenit
1542 2124 1602 2183 in
1631 2124 1827 2184 locum
1857 2131 1933 2184 cii

1355 2217 1629 2277 lanternis
1657 2229 1714 2277 et
1742 2218 1939 2296 lampa

1355 2311 1525 2371 dibus
1553 2324 1610 2371 et
1637 2314 1811 2371 armis

1353 2442 1374 2476 ⁴
1392 2442 1482 2503 ihs
1510 2453 1704 2503 autem
1733 2443 1924 2504 sciens

1354 2538 1554 2596 omnia
1581 2538 1875 2597 uenientia
1903 2556 1972 2596 su

1355 2650 1460 2708 per
1487 2650 1550 2691 se
1578 2662 1592 2678 ·
1635 2632 1849 2709 prodiit
1877 2643 1935 2692 et

1359 2726 1499 2785 dicit
1527 2726 1635 2785 illis
1679 2745 1856 2804 quem
1886 2728 1956 2805 q5

1353 2821 1476 2880 ritis
1499 2851 1513 2867 ·
1557 2821 1579 2853 ⁶
1596 2820 1890 2897 responde

1355 2925 1488 2973 runt
1515 2915 1592 2973 illi
1616 2946 1630 2961 ·
1675 2914 1795 2973 ihm
1824 2933 1976 2975 nazo

1351 3026 1517 3068 reum
1540 3040 1555 3055 ·
1601 3009 1739 3068 dicit
1766 3009 1875 3068 illis
1902 3008 1991 3068 ihs

1352 3121 1467 3180 ego
1497 3120 1627 3161 sum
1652 3133 1666 3149 ·
1713 3102 1916 3161 Stabat

1354 3207 1550 3256 autem
1581 3207 1640 3256 et
1668 3196 1834 3255 iudas
1863 3215 1973 3274 pro

1353 3291 1504 3351 ditor
1530 3292 1679 3350 illius
1708 3310 1842 3350 cum
1872 3292 1933 3367 ip

1354 3385 1432 3444 sis
1455 3417 1470 3432 ·
1513 3386 1535 3419 ⁸
1555 3384 1639 3443 Ut
1668 3402 1813 3461 ergo
1849 3385 1993 3445 dixit

1353 3479 1462 3538 illis
1491 3497 1606 3555 ego
1636 3497 1767 3537 sum
1797 3479 1929 3538 abie

1352 3582 1519 3631 runt·
1553 3582 1871 3631 retrorsum

1351 3678 1411 3727 et
1436 3667 1773 3728 cecidemnt
1801 3668 1861 3725 in
1888 3677 1976 3726 ter

1350 3779 1476 3820 ram
1496 3792 1511 3808 ·
1554 3761 1577 3794 ⁷
1596 3760 1812 3819 Iterum
1842 3778 1985 3837 ergo

1352 3855 1733 3931 interrogauit
1761 3854 1892 3914 illos

1353 3968 1528 4027 quem
1561 3949 1838 4025 quaeritis
1863 3979 1876 3993 ·
1920 3945 2004 4005 At

551 4039 582 4078 *
601 4042 901 4101 18.¹Haec
913 4033 1047 4102 cum
1060 4037 1302 4102 dixisset
1350 4045 1429 4102 illi
1458 4043 1728 4101 dixerunt
1755 4041 1876 4100 ihm
1904 4059 1984 4099 na

554 4133 585 4172 *
606 4135 720 4194 ihs·
763 4137 943 4196 exiuit
970 4153 1108 4195 cum

592 4228 888 4308 discipulis
918 4231 1035 4288 suis

1351 4154 1586 4196 zoreum
1609 4166 1624 4182 ·
1668 4134 1689 4167 ⁸
1708 4135 1952 4210 Respon

1352 4229 1434 4289 dit
1452 4230 1559 4289 illis
1576 4229 1664 4288 ihs
1684 4259 1698 4275 ·
1729 4228 1848 4287 dixi
1864 4227 2034 4287 uobis

2172 527 2311 604 quia
2338 543 2453 604 ego
2483 544 2613 585 sum
2639 558 2652 573 ·
2700 526 2763 585 Si

2168 639 2313 697 ergo
2342 639 2437 679 me
2465 620 2736 698 quaeritis

2171 713 2337 772 sinite
2367 714 2513 774 istos
2542 714 2621 773 ire
2647 745 2660 761 ·

2169 806 2191 838 ⁹
2209 816 2271 864 ut
2298 806 2628 884 impleretur

2169 901 2415 958 uerbum
2444 900 2607 978 quod

2168 992 2313 1052 dixit
2335 1025 2350 1040 ·
2406 1000 2549 1072 qfim
2577 1011 2728 1073 quos

2171 1086 2380 1146 dedisti
2407 1087 2549 1146 mihi
2579 1106 2702 1146 non

2169 1181 2398 1255 perdidi
2424 1200 2498 1240 ex
2529 1181 2640 1241 illis
2667 1181 2728 1241 ul

2169 1273 2293 1331 lum
2317 1304 2332 1321 ·
2357 1305 2372 1321 ·
2397 1304 2412 1321 ·
2455 1272 2501 1307 ¹⁰
2521 1275 2728 1335 Simon

2170 1377 2365 1426 autem
2388 1379 2589 1444 petrus
2610 1401 2623 1416 ·

2171 1460 2394 1520 habens
2422 1463 2681 1539 gladium

2168 1555 2370 1613 eduxit
2397 1556 2557 1616 illum
2623 1568 2682 1617 et

2169 1650 2423 1724 percusit
2451 1650 2637 1726 princi

2168 1743 2230 1819 pi
2260 1744 2544 1803 sacerdoti
2572 1762 2664 1804 ser

2168 1854 2311 1896 uum
2352 1847 2410 1896 et
2437 1839 2686 1898 abscidit

2167 1930 2246 1989 illi
2273 1931 2589 1991 auriculam
2618 1933 2731 1992 dex

2165 2033 2315 2082 tram
2339 2055 2354 2071 ·
2395 2036 2517 2085 erat
2543 2032 2675 2086 aute

2166 2135 2386 2177 nomen
2416 2120 2567 2178 serui

2165 2209 2425 2271 malchus
2449 2244 2464 2260 ·
2508 2211 2552 2246 ¹¹
2570 2213 2734 2273 Dixit
2761 2232 2824 2274 er

2164 2323 2246 2382 go
2275 2305 2364 2365 ihs
2393 2316 2560 2385 petro
2584 2338 2598 2353 ·
2643 2308 2750 2367 mit

2162 2446 2220 2497 te
2246 2437 2506 2516 gladium
2534 2439 2594 2498 in
2622 2435 2786 2501 theca

2164 2550 2272 2592 sua
2292 2564 2306 2578 ·
2351 2534 2590 2594 calicem
2619 2541 2735 2613 que

2163 2626 2322 2686 dedit
2347 2627 2487 2685 mihi
2515 2638 2677 2704 pater

2163 2739 2289 2779 non
2318 2721 2514 2779 bibam
2543 2722 2705 2782 illum

2163 2811 2210 2847 ¹²
2229 2814 2461 2874 Cohors
2489 2816 2681 2894 itaque
2710 2829 2769 2878 et

2162 2911 2429 2969 tribunus
2456 2920 2514 2969 et
2540 2911 2624 2970 mi

2165 3005 2326 3064 nistri
2355 3005 2702 3064 iudaeoru‘··

2163 3098 2706 3176 adpraehenderunt

2164 3194 2287 3252 ihm
2344 3205 2403 3253 et
2430 3194 2676 3270 alligaue

2164 3298 2298 3346 runt
2327 3288 2486 3347 illum
2551 3288 2593 3321 ¹⁸
2609 3299 2666 3347 et
2694 3287 2770 3347 ad

2165 3383 2455 3443 duxerunt
2482 3401 2618 3442 eum
2647 3382 2723 3442 ad

2162 3495 2382 3536 annam
2410 3477 2666 3553 primum
2689 3506 2704 3522 ·

2159 3582 2285 3631 erat
2310 3571 2468 3629 enim
2498 3588 2665 3629 socer

2161 3665 2344 3723 caifae
2407 3663 2508 3741 qui
2536 3672 2659 3721 erat

2158 3759 2430 3835 princeps
2459 3755 2699 3815 sacerdo

2158 3861 2283 3909 tum
2311 3849 2582 3908 annillius
2605 3879 2620 3895 ·

2156 3942 2200 3981 ¹⁴
2219 3944 2388 4002 Errat
2416 3951 2607 4000 autem
2636 3941 2818 4001 caifas

2157 4039 2258 4117 qui
2286 4036 2592 4096 consilium
2622 4035 2694 4094 de

2158 4134 2244 4193 dit
2272 4130 2491 4189 iudaeis
2519 4130 2658 4206 quia
2684 4147 2758 4188 ex

3537 346 3618 427 67

2845 512 2848 517 ’
2923 526 3074 586 mori
3102 543 3209 602 pro
3238 524 3405 602 plebe
3429 555 3444 571 ·

2921 618 2964 652 ¹⁵
2983 618 3343 697 Sequebatur
3370 622 3502 678 aute

2920 713 3043 772 ihm
3114 714 3308 772 simon
3337 733 3411 790 pe

2921 816 3042 865 trus
3069 826 3103 865 e
3132 807 3278 865 alius
3307 806 3399 866 dis

2923 900 3150 977 cipulus
3173 931 3188 947 ·
3231 900 3459 977 discipu

2920 992 3013 1052 lus
3040 1002 3233 1052 autem
3261 994 3353 1052 ille
3382 1012 3463 1053 no

2921 1098 3014 1146 tus
3041 1098 3163 1146 erat
3192 1087 3441 1165 principi

2923 1181 3293 1239 sacerdotum
3317 1210 3332 1227 ·

2921 1272 2967 1308 ¹⁰
2983 1273 3185 1334 Petrus
3214 1284 3408 1334 autem
3436 1285 3528 1334 sta

2923 1368 3027 1428 bat
3053 1368 3128 1427 ad
3158 1369 3396 1428 ianuam
3426 1369 3486 1428 fo

2923 1461 3004 1522 ris
3022 1493 3038 1509 ·
3096 1463 3274 1521 exiuit
3300 1481 3445 1540 ergo

2923 1555 3016 1615 ille
3046 1555 3363 1633 discipulus
3392 1575 3476 1617 no

2925 1658 3018 1708 tus
3045 1650 3290 1726 principi
3319 1669 3484 1710 sacer

2926 1742 3131 1802 dotum
3199 1753 3256 1802 et
3285 1744 3430 1803 dixit
3455 1762 3528 1805 os

2921 1836 3116 1896 tian'ae
3144 1847 3201 1896 et
3230 1838 3382 1897 intro

2921 1928 3085 1989 duxit
3111 1941 3335 2007 petrum
3362 1962 3376 1977 ·

2918 2022 2964 2056 ¹⁷
2981 2024 3142 2082 Dixit
3170 2042 3312 2101 ergo
3341 2024 3551 2085 ancilla

2917 2118 3146 2177 ostiaria
3175 2128 3341 2195 petro
3361 2149 3376 2165 ·

2919 2212 3204 2289 numquid
3233 2222 3290 2270 et
3317 2222 3381 2270 tu
3410 2212 3483 2272 de

2919 2305 3214 2382 discipulis
3241 2323 3304 2364 es
3334 2305 3413 2365 ho

2917 2435 3092 2495 minis
3120 2435 3322 2495 huius·
3366 2436 3445 2496 ait
3469 2436 3511 2497 il

2914 2529 2969 2590 le
2998 2548 3118 2589 non
3150 2549 3279 2590 sum
3310 2562 3324 2577 ·
3369 2531 3412 2564 ¹⁸
3431 2541 3521 2590 sta

2915 2624 3059 2683 bant
3085 2642 3226 2699 ergo
3255 2625 3406 2683 serui
3433 2634 3491 2685 et

2917 2718 3163 2777 ministri
3192 2718 3391 2777 focum

2917 2811 3199 2871 habentes
3227 2812 3364 2889 quia
3393 2811 3462 2871 fri

2917 2925 3029 2983 gus
3056 2917 3180 2966 erat
3206 2916 3264 2965 et
3291 2906 3478 2966 calefa

2919 3002 3215 3062 ciebantur
3237 3032 3250 3047 ·
3293 3000 3436 3060 Erat

2920 3107 3114 3155 autem
3144 3115 3279 3155 cum
3307 3096 3416 3155 illis
3444 3106 3503 3156 et

2918 3201 3114 3270 petrus
3144 3202 3303 3249 stans
3330 3200 3389 3249 et

2918 3283 3261 3343 calefaciens
3289 3302 3352 3342 se
3377 3314 3393 3330 ·

2919 3377 2962 3411 ¹⁹
2979 3377 3256 3453 Princeps
3282 3395 3424 3453 ergo
3451 3394 3520 3435 sa

2916 3472 3218 3531 cerdotum
3248 3471 3393 3529 inter

2915 3566 3144 3641 rogauit
3172 3564 3292 3623 ihm
3322 3564 3393 3623 de
3423 3563 3513 3623 dis

2915 3659 3121 3736 cipulis
3149 3659 3274 3718 eius
3301 3667 3358 3717 et
3387 3657 3459 3716 de

2915 3753 3178 3813 doctrina
3205 3756 3331 3811 eius
3350 3782 3365 3798 ·

2912 3845 2958 3880 ²⁰
2976 3846 3302 3923 Respondit
3331 3845 3408 3904 illi
3437 3845 3527 3906 ihs
3545 3875 3562 3892 ·

2910 3959 3026 4018 ego
3053 3941 3115 3998 in
3142 3941 3338 4016 palam
3366 3938 3426 4000 lo

2908 4045 3077 4096 cutus
3105 4039 3173 4093 sil
3203 4034 3338 4094 huic

2909 4128 3134 4188 mundo
3160 4159 3174 4174 ·
3221 4127 3353 4204 Ego
3382 4144 3611 4205 semper

2155 4227 2316 4304 pedit
2334 4242 2520 4283 unum
2548 4223 2839 4285 homine-
2907 4223 3083 4283 docui
3110 4223 3172 4279 in
3202 4237 3508 4298 synagoga

3201 4345 3303 4386 ΚΖ

3662 517 3788 566 1²01.
3808 517 3939 568 248.
