4414 4917
1151 411 1396 473 RELA
1412 412 1513 472 TI
1513 411 1637 472 ΟΝ
1681 409 1805 472 OF
1825 432 1872 494 q
1909 412 2021 472 To
2071 411 2384 474 OTHER
2437 412 2765 474 OLD-LA
2784 413 2956 475 TIN
2999 412 3184 473 TEX
3193 413 3256 472 T
3246 412 3314 475 S.
3451 411 3678 477 xxxix

962 586 1202 648 Selected
1220 587 1485 663 readings
1501 586 1623 643 and
1644 586 1972 662 renderae'ngs
1995 586 2057 645 in
2073 586 2262 646 which
2365 583 2611 646 Selected
2630 587 2896 663 readings
2912 586 3036 645 and
3055 586 3389 664 renderings
3410 588 3471 646 in
3487 586 3678 646 which

1204 680 1235 740 f
1254 698 1296 758 q
1322 682 1492 759 differ
1494 681 1668 760 from
1697 681 1827 739 each
1855 681 2026 742 other.
2610 685 2641 743 f
2700 704 2743 763 q
2795 705 2898 751 are
2964 686 3174 761 agreed
3233 688 3468 764 against
3523 686 3679 747 other

963 778 1121 859 John
1148 779 1223 838 iii.
2609 781 2916 862 European
2939 789 3106 845 texts.

1010 898 1099 938 20.
1138 878 1577 939 manifestentur
1601 900 1628 939 e
1652 898 1703 956 q.
2135 876 2142 882 ’

1284 987 1600 1055 arguantur
1625 998 1664 1037 a
1690 979 1723 1038 b
1751 978 2004 1056 dsAm.

1012 1094 1040 1133 2
1054 1095 1099 1134 1.
1141 1076 1393 1153 perfecta
1419 1095 1471 1153 q.

1287 1174 1509 1255 factas
1523 1175 1657 1233 Am.
1687 1171 1933 1256 (factum
1960 1173 2040 1254 a).

1286 1283 1527 1352 operata
1557 1275 1601 1332 d
1621 1293 1668 1347 e,
1697 1273 1730 1333 b
1757 1272 2105 1352 (operatae).
2413 1364 2505 1404 22·
2549 1345 2706 1406 uenit
2735 1346 2881 1426 efq
2907 1344 3043 1405 Am·

2693 1445 2832 1504 exiit
2861 1465 2898 1503 a
2927 1445 2979 1504 d.

2693 1543 2993 1622 profectus
3021 1553 3109 1604 est
3136 1544 3184 1603 b.

1015 1658 1100 1714 23·
1141 1639 1458 1699 ueniebant
1484 1659 1523 1698 a
1550 1640 1583 1700 b
1610 1641 1656 1697 d
1674 1635 1748 1717 (e)
1779 1658 1831 1716 q.

1286 1737 1751 1816 adueniebants
1763 1736 1897 1796 Am.
2165 1818 2169 1822 ι

1016 1854 1044 1894 2
1052 1850 1100 1911 5.
1145 1836 1363 1899 factum
1390 1847 1478 1897 est
1505 1854 1647 1914 ergo
1683 1845 1747 1895 ut
1774 1836 1937 1896 fieret
1964 1835 2191 1913 questio
2220 1854 2272 1912 q.
2418 1853 2509 1913 25.
2552 1839 2704 1897 inter
2725 1836 3039 1914 discipulos
3066 1835 3339 1896 iohannis
3361 1845 3418 1896 et
3441 1836 3684 1897 iudaeos

1287 1935 1442 1995 sacta
1483 1946 1569 1995 est
1597 1953 1739 2012 ergo
1781 1952 1838 2012 q.
1879 1954 1917 1993 a
1945 1931 2030 2013 (b)
2058 1934 2104 1992 d
2123 1930 2200 2012 (e)
2218 1934 2288 2014 f
2782 1931 2871 2016 (a)
2877 1938 2944 2015 s
2955 1955 3006 2012 q.

1438 2020 1581 2093 Am.
2697 2053 2773 2094 ex
2801 2033 3058 2117 disciplis
3096 2032 3213 2093 ioh.
3242 2051 3378 2094 cum
3406 2032 3522 2093 iud.
3553 2033 3587 2093 b
3629 2032 3684 2113 (e

2860 2131 3240 2212 discentibus)
3268 2131 3401 2191 Am.

2698 2250 2734 2292 a
2762 2231 3055 2309 discipulis
3082 2231 3198 2291 ioh.
3233 2232 3309 2291 ad
3335 2231 3450 2291 iud.
3479 2232 3532 2289 d.

1017 2325 1103 2382 26.
1143 2322 1544 2383 testimonium
1572 2321 1762 2381 dixisti
1789 2341 1816 2379 e
1842 2341 1893 2397 q.

1286 2430 1414 2482 test.
1454 2419 1749 2481 reddidisti
1776 2440 1814 2479 a
1841 2421 1893 2478 d.

1285 2529 1412 2580 test.
1438 2519 1773 2597 perhibuisti
1800 2521 1833 2580 b
1836 2521 1904 2598 s
1917 2519 2051 2579 Am.

1016 2634 1104 2694 27.
1144 2618 1361 2698 aliquid
1386 2638 1437 2695 q.

1286 2717 1600 2796 quicquam
1628 2736 1667 2775 a
1694 2717 1727 2776 b
1754 2716 1913 2795 def
1929 2714 2063 2775 Am.

1017 2835 1102 2891 29.
1146 2815 1427 2894 repletum
1455 2835 1507 2892 9.

1287 2913 1643 2992 completum
1671 2912 1721 2973 b.

1286 3013 1588 3090 impletum
1614 3032 1652 3071 a
1679 3013 1723 3071 d
1720 3014 1789 3090 f
1793 3012 1926 3071 Am.

1285 3110 1666 3189 adimpletum
1692 3131 1733 3171 e.

2420 3220 2514 3278 31.
2559 3219 2731 3279 super
2760 3217 2970 3261 ornnes
2997 3210 3086 3261 est
3112 3198 3203 3279 (in
3230 3202 3429 3262 second
3448 3199 3658 3279 clause)

2785 3300 3116 3383 .qum·

2699 3399 3057 3459 om.abde.

2422 3517 2516 3573 32.
2558 3497 2672 3558 hoc
2702 3497 3038 3557 testificatur
3040 3497 3110 3570 s
3122 3516 3158 3573 9
3186 3494 3346 3575 (Am.
3375 3495 3659 3575 testatur).

2702 3615 2803 3655 om.
2831 3595 2946 3655 hoc
2973 3615 3011 3654 a
3038 3596 3071 3654 b
3099 3596 3144 3653 d
3161 3614 3205 3652 e.

1014 3716 1103 3773 34.
1143 3701 1423 3778 quoniam
1447 3720 1623 3780 quem
1650 3722 1701 3779 q.

1291 3821 1468 3880 quem
1496 3802 1657 3862 enim
1685 3823 1722 3861 a
1752 3803 1785 3862 b
1812 3800 2122 3878 desAm.

1122 4021 1250 4089 We
1269 4034 1426 4089 note
1446 4025 1511 4088 in
1533 4025 1722 4089 these
1740 4022 2049 4108 chapters
2068 4025 2144 4089 os
2155 4022 2255 4091 St.
2275 4025 2453 4107 John
2472 4043 2660 4089 some
2678 4022 3128 4106 ninety-three
3149 4022 3480 4087 instances
3499 4045 3515 4100 ;
3546 4023 3681 4086 and

974 4123 1225 4213 though
1270 4128 1387 4193 the
1415 4137 1567 4195 text
1602 4130 1678 4194 of
1697 4150 1740 4212 q
1774 4130 1829 4194 is
1853 4150 2039 4195 more
2070 4130 2299 4194 mixed
2331 4129 2489 4195 here
2517 4129 2678 4193 than
2709 4128 2775 4192 in
2807 4125 2912 4193 St.
2945 4126 3290 4204 Matthew,
3324 4147 3400 4191 as
3429 4147 3471 4190 a
3501 4145 3683 4190 mere

973 4228 1201 4311 glauce
1230 4231 1361 4298 will
1406 4233 1583 4299 shew
1614 4255 1709 4315 us,
1740 4234 1859 4299 the
1902 4244 2394 4324 agreemement
2426 4235 2721 4300 between
2760 4234 2814 4300 it
2851 4232 2982 4298 and
3027 4231 3066 4297 b
3105 4232 3161 4296 is
3205 4231 3338 4296 still
3381 4231 3481 4297 far
3500 4251 3683 4295 more
