4414 4917
775 317 896 380 118

452 499 579 549 ποι.
602 501 727 551 100.
771 493 1106 571 Coeperunt
1134 512 1270 554 eum

768 597 833 647 ut
864 587 1184 649 discederet
1212 590 1287 651 de

767 680 980 742 finibus
1009 701 1213 743 eorum
1239 715 1253 732 ·

764 775 808 810 ¹⁸
827 775 979 836 Cum
1010 795 1159 855 quae
1188 779 1441 841 ascende

763 880 853 929 ret
879 889 1092 931 nauem
1151 891 1259 933 coe

760 964 848 1042 pit
875 965 1034 1024 illum
1071 967 1249 1044 depre

761 1059 880 1118 cari
943 1061 1043 1137 qui
1070 1071 1101 1103 ⁸
1128 1061 1405 1121 demonio

760 1163 1007 1212 uexatus
1035 1153 1221 1212 fuerat

758 1254 825 1304 ut
846 1256 998 1306 esset
1025 1266 1161 1307 cum
1189 1247 1288 1308 illo
1307 1279 1321 1295 ·
1338 1280 1383 1294 -

760 1338 805 1376 ¹⁹
824 1341 925 1401 Ihs
955 1351 1149 1401 autem
1177 1360 1300 1402 non
1330 1342 1406 1402 ad

759 1435 919 1495 misit
944 1453 1081 1494 eum
1106 1465 1120 1482 ·
1186 1436 1292 1495 sed

759 1530 840 1588 ait
866 1529 945 1589 illi
970 1562 984 1577 ·
1027 1531 1181 1591 uade
1209 1531 1270 1590 in
1300 1530 1380 1591 do

758 1640 923 1682 mum
952 1634 1112 1682 tuam
1143 1624 1219 1684 ad
1248 1635 1308 1683 tu

759 1735 830 1778 os
859 1728 918 1777 et
945 1718 1229 1778 adnuntia
1256 1718 1295 1777 il

755 1812 825 1871 lis
852 1822 1070 1890 quanta
1090 1813 1194 1872 tibi
1216 1812 1327 1873 dr’1s

754 1905 955 1966 fecerit
1011 1916 1070 1965 et
1096 1906 1274 1967 miser

754 2009 848 2059 tus
866 1999 1044 2060 &aas
1059 2011 1146 2060 est
1175 2001 1276 2060 tibi

752 2092 798 2127 '⁰
815 2093 893 2153 Et
914 2096 1051 2154 abiit
1071 2103 1129 2154 et
1145 2096 1335 2173 coepit
1353 2114 1456 2174 pre

753 2188 950 2249 dicare
983 2189 1042 2246 in
1070 2188 1299 2266 decapo

751 2283 790 2341 li
819 2291 1040 2361 quanta
1066 2283 1173 2342 sibi
1203 2282 1259 2343 fe

752 2377 929 2436 cisset
956 2377 1046 2436 ihs
1065 2408 1080 2424 ·
1140 2377 1220 2437 Et
1247 2396 1350 2438 om

752 2527 860 2569 nes
888 2510 1246 2570 mirabantur
1276 2543 1290 2559 ·
1311 2538 1394 2564 m

704 2599 735 2635 *
756 2601 800 2636 ¹¹
816 2603 896 2663 Et
921 2623 1059 2664 curn
1080 2605 1328 2667 transfre

706 2699 737 2735 *
758 2711 939 2763 tasset
967 2703 1057 2762 ihs
1085 2705 1234 2764 ultra

704 2794 735 2830 *
756 2815 952 2857 rursus
982 2800 1235 2858 conueni

704 2889 735 2924 '⁸‘
755 2893 842 2951 nit
869 2892 1038 2951 turba
1065 2892 1246 2952 multa

755 2983 831 3045 ad
861 3002 997 3044 eum
1025 2985 1178 3044 circa
1206 3005 1367 3046 mare

752 3075 892 3137 ”Et
919 3079 1079 3137 uenit
1106 3080 1346 3155 quidam

750 3172 1251 3250 archisynagogus

752 3267 995 3326 nomine
1016 3267 1192 3326 iairus

751 3361 829 3419 Et
861 3371 925 3421 ut
952 3361 1095 3420 uidit
1122 3378 1256 3420 eum
1286 3380 1393 3438 pro

752 3455 892 3515 cidit
920 3454 995 3515 ad
1025 3455 1207 3532 pedes
1238 3456 1363 3515 eius

750 3549 795 3584 ²³
813 3567 1032 3626 rogans
1060 3568 1195 3609 eum
1224 3559 1282 3611 et
1303 3550 1362 3610 di

750 3662 894 3704 cens
923 3650 1067 3721 qum
1089 3644 1206 3704 filia

749 3755 885 3797 mea
914 3738 975 3796 in
1004 3739 1280 3799 extremis

748 3841 837 3891 est
856 3863 870 3878 ·
934 3830 1090 3890 Ueni
1119 3841 1294 3910 tange

748 3944 882 3985 eam
911 3925 982 3985 de
1016 3928 1286 3986 manibus

747 4022 859 4081 tuis
918 4029 982 4079 ut
1010 4020 1172 4081 salua
1201 4022 1274 4080 sit

748 4123 808 4173 et
834 4115 995 4174 uiuat
1014 4147 1029 4161 ·
1073 4116 1118 4150 ¹⁴
1135 4115 1213 4174 Et
1241 4116 1381 4176 abiit

747 4226 884 4267 cum
914 4227 988 4270 eo
1048 4219 1107 4268 et
1134 4228 1313 4288 seque

747 4302 914 4361 batur
939 4320 1075 4361 eum
1104 4306 1272 4363 turba

2136 321 2375 383 SECD
2407 356 2421 372 ·

1523 495 1716 556 illum·
1743 526 1757 543 ·
1783 528 1797 543 ·
1840 493 1980 555 ”Et
2006 496 2148 556 muli

1520 607 1584 648 er
1611 607 1761 667 quae
1791 600 1912 649 erat
1940 592 2003 650 in

1522 683 1817 760 profluuio
1847 684 2054 761 sangui

1520 778 1613 836 nis
1639 779 1716 836 ab
1744 778 1914 838 annis
1943 778 2062 839 duo

1520 869 1711 930 decim
1731 903 1746 918 ·
1789 869 2029 933 ”multa

1518 982 1691 1041 passa
1719 976 1841 1026 erat
1867 986 1904 1025 a
1931 985 2049 1027 con

1517 1058 1774 1136 pluribus
1802 1062 2040 1121 medicis
2064 1093 2079 1109 ·

1516 1162 1573 1212 et
1605 1165 1972 1231 errogauerat

1514 1248 1716 1307 omnia
1743 1266 1849 1308 sua
1906 1260 2015 1310 nec

1514 1341 1835 1418 quidquam
1864 1344 2027 1420 profe

1513 1446 1674 1495 cerat
1731 1437 1832 1496 sed
1861 1437 1994 1499 dete

1513 1531 1632 1590 rius
1661 1530 1915 1593 habebat
1934 1565 1948 1579 ·
1966 1566 2050 1580 —-

1512 1621 1558 1656 ²⁷
1574 1624 1793 1684 Audito
1823 1625 1896 1685 de
1926 1627 2026 1687 ihu
2053 1646 2130 1689 ue

1511 1718 1596 1777 nit
1624 1728 1774 1778 retro
1804 1729 1862 1779 et
1894 1722 2021 1797 tigit

1508 1814 1920 1873 uestimentum
1946 1817 2071 1876 eius

1510 1908 1659 1965 inter
1687 1909 1855 1967 turba
1913 1909 1957 1943 ²⁸
1975 1910 2177 1972 dicens

1509 2002 1659 2060 intra
1686 2021 1750 2062 se
1770 2034 1783 2049 ·
1845 2005 1894 2063 si
1923 2005 2017 2065 uel

1510 2096 1855 2157 uestimenta
1880 2100 2006 2160 eius

1507 2192 1750 2268 tetigero
1779 2193 1943 2253 salua
1968 2213 2002 2253 e

1507 2303 1575 2346 ro
1598 2316 1612 2332 ·
1639 2318 1652 2333 ·
1679 2317 1693 2333 ·
1736 2286 1781 2321 ²⁹
1797 2287 1875 2346 Et
1902 2289 2152 2349 confesti

1510 2380 1757 2441 siccatus
1785 2392 1872 2441 est
1893 2380 2028 2442 fons

1508 2513 1809 2591 sanguinis
1837 2514 1961 2575 eius
1985 2547 1999 2562 ·

1508 2617 1566 2667 et
1593 2610 1771 2669 sensit
1798 2612 2027 2688 corpori

1509 2702 1672 2779 quod
1698 2714 1903 2764 sanata
1929 2715 2083 2765 esset

1508 2814 1544 2854 a
1571 2795 1747 2873 plaga
1769 2829 1784 2844 ·
1828 2798 1873 2830 ⁸⁰
1889 2816 2085 2876 cogno

1509 2890 1590 2949 uit
1618 2899 1812 2951 autem
1840 2902 1897 2952 et
1917 2893 2007 2952 ihs

1512 2985 1781 3044 uirtutem
1810 3004 1959 3064 quae
1988 2988 2083 3047 exi

1510 3088 1632 3137 erat
1661 3078 1734 3139 de
1762 3098 1825 3139 se
1846 3112 1860 3127 ·
1927 3091 1986 3140 et
2013 3101 2127 3142 con

1505 3188 1708 3233 uersus
1736 3173 1812 3232 ad
1839 3176 2006 3235 turba

1506 3266 1585 3325 ait
1623 3268 1752 3344 quis
1782 3270 1963 3346 tetigit

1502 3360 1845 3420 uestimenta
1874 3381 2007 3423 mea
2028 3396 2042 3410 ·

1503 3452 1545 3486 ⁸1
1564 3454 1828 3532 discipuli
1858 3468 2052 3517 autem

1498 3547 1650 3608 illius
1678 3549 1879 3610 dicunt
1904 3553 1959 3611 ei

1500 3644 1668 3703 uides
1693 3647 1923 3705 turbam

1503 3739 1970 3815 conprimentem

1499 3840 1556 3890 te
1611 3841 1669 3892 et
1695 3832 1839 3893 dicis
1867 3836 1997 3912 quis

1500 3944 1597 3985 me
1627 3927 1806 4004 tetigit
1825 3959 1839 3975 ·
1890 3927 1936 3960 ⁸²
1951 3939 2010 3989 et
2029 3930 2123 3990 eff

1499 4020 1997 4099 circumspiciebat

1498 4114 1693 4173 uidere
1724 4116 1852 4193 quis
1880 4117 1995 4178 hoc

1500 4207 1712 4268 fecerat
1773 4210 1817 4242 ⁸³
1833 4220 1891 4270 et
1918 4211 2059 4271 muli

1500 4321 1563 4362 er
1591 4304 1805 4364 timens
1833 4323 1904 4363 ac
1931 4315 2016 4367 tre

745 4395 951 4456 multa·
980 4396 1058 4456 Et
1066 4398 1483 4476 conprimebant
1501 4415 1668 4458 mens
1687 4399 1937 4478 procidit

2328 507 2463 556 ante
2491 497 2651 555 illum
2713 506 2772 556 et
2799 498 2898 557 dix

2328 590 2369 649 it
2396 591 2556 669 quod
2584 590 2802 650 factum

2326 695 2413 743 est
2436 716 2450 731 ·
2495 685 2540 719 ³⁴
2557 685 2645 744 ihs
2671 703 2813 745 uero
2841 686 2941 746 dix

2325 778 2367 836 it
2394 779 2447 837 ei
2507 790 2754 840 contans
2781 789 2908 840 esto
2928 812 2942 827 ·

2325 871 2439 930 filia
2500 873 2642 932 fides
2670 883 2768 932 tua
2798 882 2853 934 te

2324 965 2541 1025 saluam
2573 967 2707 1027 feeit
2763 968 2844 1027 'ua

2322 1057 2394 1117 de
2422 1059 2484 1118 in
2512 1080 2657 1138 pace
2747 1062 2825 1121 Et
2848 1072 2974 1123 esto

2320 1170 2466 1212 sana
2495 1173 2531 1213 a
2557 1156 2732 1233 plaga
2758 1166 2858 1218 tua
2882 1187 2897 1204 ·

2317 1245 2363 1279 ⁸⁸
2380 1246 2455 1306 Et
2482 1249 2671 1310 adhuc
2698 1268 2772 1310 eo
2801 1251 3021 1329 loquen

2317 1350 2372 1400 te
2392 1372 2406 1388 ·
2472 1343 2712 1402 ueniunt
2740 1344 2816 1403 ad

2316 1434 2786 1514 archisynagogo

2318 1527 2576 1589 dicentes
2637 1532 2775 1608 quia

2316 1622 2434 1681 filia
2461 1632 2559 1682 tua
2585 1636 2818 1685 mortua

2316 1725 2404 1776 est
2467 1717 2609 1794 quid
2635 1719 2753 1778 iam
2779 1736 2893 1779 uex

2315 1826 2412 1870 sas
2438 1812 2783 1888 magistrum
2807 1844 2822 1860 ·
2839 1847 2923 1856 —

2312 1902 2356 1936 ⁸⁶
2377 1903 2478 1962 Ihs
2506 1915 2699 1965 autem
2728 1908 2926 1969 audito

2313 1997 2429 2057 hoc
2459 2000 2643 2058 uerbo
2704 2001 2782 2059 ait

2313 2092 2785 2171 archisynagogo
2807 2126 2822 2142 ·

2312 2185 2431 2244 noli
2460 2186 2661 2246 timere

2312 2281 2725 2342 tuntummodo

2312 2374 2483 2434 crede
2503 2405 2518 2421 ·
2562 2374 2607 2409 ⁸⁷
2622 2376 2701 2434 Et
2728 2392 2852 2435 non
2881 2374 2957 2435 ad

2311 2507 2466 2567 misit
2493 2526 2851 2585 quemquam

2312 2602 2475 2678 sequi
2505 2621 2568 2662 se
2628 2603 2738 2661 nisi
2766 2621 2842 2679 pe

2313 2718 2464 2767 trum
2492 2717 2549 2768 et
2576 2710 2789 2768 iacobi]
2810 2742 2892 2752 —

2310 2812 2369 2860 et
2395 2802 2712 2861 iohannem
2741 2802 2828 2862 fra

2312 2905 2457 2955 trem
2486 2897 2676 2956 iacobi
2692 2929 2776 2939 —

2310 2988 2446 3048 ”Et
2474 2992 2716 3050 ueniunt
2739 2991 2798 3050 in
2829 2989 3011 3051 domii

2311 3083 2757 3162 archisynagogi
2778 3118 2860 3127 ——

2310 3178 2387 3237 Et
2414 3179 2611 3238 uident
2639 3181 2868 3238 turbam

2313 3257 2547 3331 flentem
2606 3281 2664 3333 et
2692 3273 2886 3332 lamen

2310 3376 2531 3425 tantem
2561 3367 2806 3425 multum
2826 3398 2841 3413 ·

2306 3459 2350 3494 ⁸⁹
2368 3460 2445 3519 Et
2472 3461 2768 3537 ingressus
2798 3461 2876 3520 ait

2301 3554 2445 3632 ,quid
2473 3555 2783 3614 turbamini

2305 3658 2364 3708 et
2391 3648 2530 3725 quid
2560 3648 2798 3725 ploratis
2817 3683 2898 3692 —

2306 3742 2499 3820 puella
2526 3761 2649 3802 non
2677 3752 2766 3803 est

2305 3845 2535 3896 mortua
2563 3855 2626 3896 se
2654 3836 2868 3897 dormit

2305 3932 2352 3964 ⁴⁰
2371 3932 2451 3990 At
2478 3932 2558 3990 illi
2586 3931 2921 3992 deridebant

2304 4042 2442 4084 eum
2465 4057 2478 4072 ·
2501 4058 2514 4072 ·
2542 4057 2557 4073 ·
2603 4026 2738 4103 Ipse
2765 4045 2907 4087 uero

2305 4119 2489 4178 eiecta
2515 4121 2684 4179 turba
2712 4119 2774 4180 fo

2304 4214 2383 4273 ris
2412 4245 2427 4261 ·
2491 4214 2761 4275 adsumto

2305 4319 2468 4385 patre
2497 4318 2555 4369 et
2577 4319 2759 4369 matre

2303 4402 2525 4480 puellae
2549 4436 2564 4452 ·
2628 4414 2686 4464 et
2713 4422 2816 4465 eos
2844 4405 2943 4482 qui

3396 332 3485 397 [v.
3510 336 3705 401 17-V1.
3734 350 3781 400 3.

3081 516 3282 558 secum
3309 509 3474 560 erant
3496 532 3511 547 ·
3538 533 3551 547 ·

3079 592 3307 652 Introiit
3333 595 3431 653 ubi
3459 603 3582 654 erat

3076 687 3268 764 puella
3294 688 3490 748 iacens
3514 720 3528 735 ·

3076 780 3118 813 ⁴²
3136 781 3212 839 Et
3239 791 3442 842 tenens
3470 800 3712 842 manum

3072 874 3197 934 eius
3222 885 3281 934 et
3307 877 3387 935 ait
3413 876 3490 936 illi
3513 908 3527 923 ·

3074 967 3316 1028 thalitha
3344 971 3503 1029 cumi

3073 1064 3234 1141 quod
3262 1075 3352 1124 est
3378 1066 3630 1143 interpre

3071 1165 3255 1216 tatum
3315 1157 3506 1237 puella
3531 1160 3574 1217 ti

3071 1250 3130 1308 bi
3159 1250 3292 1311 dico
3319 1269 3568 1328 exsurge
3587 1282 3603 1299 ·

3071 1341 3117 1376 ⁴²
3131 1344 3208 1404 Et
3236 1345 3544 1405 confestim
3573 1365 3648 1407 ex

3071 1439 3315 1498 surrexit
3343 1440 3538 1517 puella

3070 1541 3128 1591 et
3155 1534 3488 1594 ambulabat

3068 1624 3211 1686 Erat
3238 1638 3429 1687 autem
3460 1646 3621 1689 anno

3069 1738 3199 1779 rum
3231 1721 3545 1782 duodecim
3567 1755 3582 1770 ·

3068 1814 3146 1874 Et
3173 1815 3584 1893 obstipuemnt

3068 1924 3277 1967 omnes
3299 1920 3538 1987 stupore

3067 2019 3289 2079 magno
3310 2034 3324 2050 ·
3367 2004 3412 2037 ⁴³
3429 2004 3509 2064 Et
3538 2022 3643 2082 pre

3067 2096 3220 2172 cepit
3247 2096 3356 2156 illis
3385 2108 3450 2158 ut
3479 2117 3558 2158 ne

3066 2207 3168 2249 mo
3196 2190 3364 2251 sciret
3419 2192 3500 2252 Et
3526 2192 3626 2252 dix

3065 2283 3108 2341 it
3135 2284 3259 2343 dari
3286 2285 3365 2344 illi
3392 2288 3615 2346 mandu

3064 2395 3200 2437 care
3225 2410 3238 2425 ·
3261 2411 3274 2426 ·
3297 2411 3310 2426 ·
3372 2380 3572 2441 6.¹Et
3598 2398 3765 2462 egres

3066 2529 3164 2572 sus
3190 2512 3327 2573 inde
3387 2498 3529 2574 abiit
3557 2516 3618 2575 in

3065 2608 3311 2684 patriam
3342 2626 3511 2668 suam
3534 2641 3550 2658 ·

3064 2709 3122 2759 et
3152 2692 3532 2779 sequebantur
3557 2711 3633 2765 eu

3065 2795 3328 2872 discipuli
3355 2799 3480 2857 eius
3500 2828 3515 2844 ·

3064 2885 3087 2919 ¹
3101 2888 3178 2946 Et
3206 2890 3298 2949 die
3327 2892 3573 2951 sabbato
3603 2909 3713 2952 coe

3062 2983 3146 3060 pit
3173 2984 3234 3042 in
3262 3002 3567 3063 synagoga
3594 2986 3674 3047 do

3061 3094 3193 3137 cere
3274 3089 3333 3138 et
3361 3081 3525 3141 multi
3553 3099 3632 3141 au

3059 3170 3280 3233 dientes
3307 3174 3530 3235 admira

3058 3266 3270 3326 bantur
3295 3269 3357 3327 in
3386 3269 3569 3330 doctri

3057 3378 3198 3418 narn
3225 3362 3373 3421 illius
3397 3394 3412 3410 ·
3472 3383 3680 3426 omnes

3058 3454 3314 3516 dicentes
3341 3457 3498 3518 unde

3055 3548 3190 3609 huic
3219 3550 3326 3610 hec
3355 3561 3413 3611 et
3445 3571 3596 3630 quae

3057 3653 3146 3703 est
3175 3646 3456 3723 sapientia
3484 3666 3600 3725 que

3059 3737 3193 3797 data
3219 3750 3306 3800 est
3333 3740 3412 3799 illi
3440 3750 3504 3801 ut
3531 3743 3621 3801 uir

3056 3842 3208 3893 tutes
3237 3835 3343 3895 iste
3372 3854 3478 3913 per
3498 3854 3598 3897 ma

3058 3946 3169 3986 nus
3197 3929 3321 3989 eius
3351 3930 3582 3990 effician

3056 4032 3148 4081 tur
3167 4054 3181 4070 ·
3225 4023 3248 4056 ⁸
3264 4041 3467 4084 nonne
3494 4026 3599 4085 iste

3056 4125 3146 4176 est
3173 4117 3331 4178 faber
3350 4119 3498 4178 filius

3056 4212 3272 4272 mariae
3296 4242 3311 4259 ·
3368 4213 3538 4273 frater

3057 4316 3254 4366 autem
3281 4306 3472 4367 iacobi
3491 4339 3505 4355 ·
3575 4318 3634 4368 et

3056 4401 3261 4478 ioseph
3285 4432 3300 4448 ·
3360 4412 3418 4462 et
3445 4403 3612 4463 iudae
3637 4434 3651 4449 ·

3805 514 3931 565 1⁸01.
3954 514 4082 567 16⁷.
