4414 4917
584 338 758 388 XXIV.
785 335 1007 400 18-48.]

275 506 411 556 rol.
436 508 533 556 64.
580 508 666 560 tro
692 499 892 559 tollere
922 508 987 558 tu

579 594 768 652 nicam
795 611 964 653 suam
989 624 1003 639 ·

579 685 765 747 ¹⁹Uae
794 697 993 747 autem
1022 705 1169 764 preg

579 783 845 840 nantibus
874 791 932 840 et
960 800 1040 840 nu

574 876 873 934 trientibus
898 876 960 933 in

575 968 679 1027 illis
708 970 910 1028 diebus
934 999 948 1014 ·

572 1059 617 1094 '⁰
634 1062 811 1122 Orate
841 1072 1035 1122 autem
1062 1071 1127 1121 ut

573 1174 694 1216 non
723 1156 821 1215 fiat
850 1155 988 1234 suga

573 1261 763 1309 uestra
790 1249 981 1309 hieme

572 1343 663 1402 uel
696 1345 938 1403 sabbato
958 1374 972 1389 ·

571 1433 612 1468 ²¹
630 1437 756 1496 Erit
783 1438 940 1496 enim
969 1445 1108 1495 tunc

572 1530 854 1590 tribulatio
888 1548 1028 1606 mag

573 1643 648 1683 na
679 1625 867 1701 qualis
903 1642 1025 1683 non

573 1717 672 1777 fuit
699 1719 775 1776 ab
805 1718 964 1776 initio
996 1735 1060 1777 se

574 1812 682 1871 culi
707 1830 893 1888 usque
923 1829 1024 1870 mo

571 1906 646 1965 do
675 1924 863 1982 neque
893 1905 989 1963 fiet
1009 1936 1024 1951 ·

569 1997 700 2058 ”Et
730 2000 841 2058 nisi
873 2000 985 2059 dr'is
1015 1998 1173 2057 breui

570 2104 719 2154 asset
746 2094 871 2153 dies
897 2094 1026 2152 illos

569 2206 686 2247 non
716 2188 876 2246 fieret
904 2187 988 2246 sal

568 2299 642 2340 ua
665 2282 816 2341 omis
844 2298 983 2340 caro

569 2414 667 2474 sed
695 2421 937 2492 propter
964 2413 1086 2474 elec

567 2518 656 2568 tos
677 2509 1088 2567 breuiabuntur

569 2603 687 2662 dies
711 2603 822 2661 illi·
865 2600 910 2634 ’Β
929 2601 1102 2661 Tunc

570 2697 614 2754 si
641 2698 770 2775 quis
796 2697 969 2755 uobis
1009 2697 1144 2755 dixe

569 2791 636 2850 rit
665 2809 804 2851 ecce
834 2790 927 2850 hic
958 2795 1071 2866 xps

568 2903 702 2945 ecce
731 2885 843 2944 illic
868 2885 1049 2943 nolite

568 2979 800 3040 credere
825 3011 839 3025 ·
866 3011 879 3024 ·
926 2975 973 3010 ²⁴
994 2977 1104 3036 Sur

568 3081 707 3147 gent
734 3072 892 3131 enim
921 3070 1147 3147 pseodo

568 3167 665 3241 xpi
691 3197 706 3212 ·
748 3176 807 3224 et
833 3164 1170 3241 pseodopro

566 3259 713 3318 fetae
736 3290 752 3306 ·
812 3268 871 3317 et
897 3258 1115 3317 dabunt

568 3354 731 3430 signa
759 3371 977 3429 magna
1006 3364 1063 3410 et
1092 3370 1199 3428 pro

567 3447 716 3524 digia
740 3478 755 3494 ·
820 3446 911 3505 Ita
939 3457 1001 3504 ut
1030 3447 1089 3503 in
1119 3464 1182 3505 er

563 3559 690 3600 rore
718 3541 1063 3600 inducantur
1082 3570 1097 3585 ·

564 3635 624 3694 Si
654 3636 774 3695 fieri
802 3644 993 3712 potest
1021 3635 1183 3693 etia-

560 3730 727 3789 electi
749 3761 764 3775 ·
827 3727 872 3760 ’ὅ
888 3746 1026 3787 ecce
1054 3745 1194 3805 prae

562 3823 678 3882 dixi
706 3823 878 3882 uobis
898 3853 911 3867 ·
954 3819 997 3854 ²⁶
1016 3822 1076 3881 Si
1103 3839 1177 3880 au

560 3926 675 3975 tem
705 3917 954 3975 dixerint
982 3915 1150 3974 uobis
1172 3945 1186 3961 ·

561 4028 697 4070 ecce
727 4011 787 4068 in
818 4008 1126 4068 solitudine

560 4115 645 4164 est
663 4136 677 4151 ·
739 4103 919 4163 nolite
949 4102 1107 4160 exire
1128 4133 1143 4148 ·

558 4215 694 4258 ecce
724 4198 786 4257 in
822 4195 1099 4258 domibus

1768 327 1900 426 MA
1921 328 2333 393 TTHEUM.

1330 495 1509 555 nolite
1538 497 1773 556 credere

1329 588 1374 623 ²⁷
1394 589 1554 648 Sicut
1582 591 1743 649 enim
1780 591 1972 669 fulgor

1328 683 1444 741 exit
1473 684 1549 741 ab
1575 684 1796 743 oriente
1867 697 1925 745 et

1329 788 1493 853 paret
1522 796 1702 855 usque
1731 779 1805 838 ad
1834 798 1910 839 oc

1330 872 1619 931 cidentem
1642 904 1656 918 ·
1721 872 1812 932 Ita
1837 871 1943 934 erit

1329 965 1613 1025 aduentus
1644 966 1720 1023 fili
1748 967 1827 1026 ho

1325 1060 1498 1118 minis
1521 1091 1535 1106 ·
1599 1058 1643 1092 ²⁸
1661 1060 1920 1121 Ubicum

1327 1170 1440 1228 que
1469 1154 1627 1212 enim
1658 1154 1826 1214 fuerit

1326 1263 1511 1322 copus
1540 1246 1651 1305 illic
1676 1266 1892 1326 congre

1325 1341 1614 1416 gabuntur
1642 1342 1870 1418 aquilae
1889 1374 1903 1390 ·

1324 1430 1367 1467 ¹⁹
1387 1433 1592 1493 Statim
1621 1447 1816 1494 autem
1843 1449 1980 1513 post

1323 1528 1746 1589 tribulationem
1777 1530 1871 1589 die

1323 1640 1452 1679 rum
1480 1622 1709 1681 illorum
1732 1654 1746 1669 ·
1814 1623 1915 1683 Sol

1323 1716 1725 1774 obscurabitur
1744 1748 1759 1763 ·
1822 1728 1880 1777 et

1322 1808 1459 1867 luna
1488 1827 1610 1869 non
1638 1810 1795 1869 dabit
1824 1812 1884 1871 lu

1323 1919 1460 1960 men
1490 1921 1658 1961 suum
1679 1935 1693 1950 ·
1755 1915 1813 1964 et
1842 1907 1942 1964 stol

1320 1994 1408 2054 lae
1438 1997 1650 2056 cadent
1678 1997 1749 2056 de
1779 2000 1941 2060 caelo
1965 2033 1978 2048 ·

1321 2089 1398 2147 Et
1423 2091 1662 2150 uirtutes
1691 2092 1924 2153 caelorii

1320 2186 1848 2245 commonebuntur
1865 2219 1879 2234 ·

1317 2276 1363 2311 ⁸⁰
1372 2278 1449 2338 Et
1466 2288 1605 2339 tunc
1620 2282 1840 2357 parebit
1850 2284 2020 2359 signu

1319 2408 1397 2468 fili
1426 2410 1680 2472 hominis
1714 2413 1774 2473 in
1804 2415 1968 2476 caelo
1988 2448 2001 2464 ·

1320 2504 1397 2563 Et
1424 2514 1562 2565 tunc
1590 2508 1872 2585 plangent
1900 2529 1962 2569 se

1320 2616 1527 2659 omnes
1556 2602 1731 2659 tribus
1764 2613 1910 2663 terre

1319 2692 1395 2751 Et
1422 2694 1704 2753 uidebunt
1731 2696 1911 2755 filium

1317 2787 1570 2847 hominis
1598 2790 1867 2849 ueniente

1318 2881 1377 2938 in
1406 2882 1656 2940 nubibus
1687 2884 1830 2941 caeli
1852 2915 1866 2930 ·

1321 2975 1471 3034 Cum
1502 2977 1707 3035 uirtute
1736 2988 1793 3036 et
1820 2978 1919 3054 glo

1317 3069 1400 3127 ria
1433 3069 1646 3127 multa·
1690 3070 1732 3104 ³¹
1752 3069 1830 3129 Et
1857 3072 1960 3131 mit

1317 3173 1397 3222 tet
1426 3163 1666 3240 angelos
1696 3183 1832 3224 suos

1315 3275 1451 3316 cum
1478 3259 1618 3316 tuba
1646 3267 1704 3317 et
1730 3276 1881 3318 uoce

1314 3369 1531 3427 magna
1651 3363 1707 3411 et
1736 3371 1955 3428 congre

1312 3446 1534 3520 gabunt
1560 3446 1777 3505 electos
1809 3447 1932 3505 eius
1951 3478 1965 3493 ·

1312 3555 1349 3596 a
1373 3547 1645 3614 quattuor
1672 3540 1858 3598 uentis
1883 3571 1896 3586 ·

1312 3631 1368 3689 A
1397 3633 1627 3692 summis
1656 3633 1950 3694 caelorum

1312 3744 1496 3803 usque
1526 3727 1602 3786 ad
1630 3727 1906 3786 terminos

1314 3837 1519 3879 eorum
1539 3851 1573 3866 ··
1658 3819 1812 3879 Cum
1844 3839 1956 3882 coe

1313 3913 1502 3990 perint
1530 3913 1676 3972 haec
1707 3915 1905 3973 omnia

1315 4006 1434 4065 fieri
1458 4038 1471 4053 ·
1532 4008 1796 4084 respicite

1313 4110 1370 4161 et
1398 4101 1619 4160 eleuate
1649 4109 1824 4177 caput
1847 4133 1862 4149 ·

1313 4201 1455 4274 qum
1484 4196 1791 4273 adpropiat
1818 4214 1879 4256 re

2139 499 2358 559 demtio
2388 512 2580 560 uestra
2601 533 2614 547 ·
2722 510 2728 513 “

2136 590 2252 651 ⁸²A
2275 593 2419 652 facie
2450 605 2644 654 autem
2675 596 2818 655 arbo

2135 687 2213 744 ris
2242 688 2336 746 fici
2364 689 2563 747 discite

2135 781 2474 857 parabolam
2498 814 2513 829 ·
2577 783 2719 842 Cu-

2134 875 2251 933 iam
2279 892 2474 934 ramus
2502 879 2659 936 eeius

2135 978 2297 1027 tener
2324 968 2490 1027 fuerit
2516 980 2573 1028 et

2133 1061 2272 1121 folia
2300 1074 2612 1123 nascuntur
2635 1094 2650 1111 ·

2133 1156 2291 1214 scitis
2319 1159 2456 1233 quia
2484 1175 2672 1233 prope

2129 1258 2217 1307 est
2245 1260 2434 1309 aestas
2455 1281 2469 1296 ·
2512 1250 2556 1283 ⁸³
2577 1250 2671 1310 Sic

2129 1353 2188 1401 et
2216 1362 2327 1403 uos
2355 1362 2491 1403 cum
2520 1345 2654 1403 uide

2127 1436 2249 1495 ritis
2276 1438 2477 1497 omnia
2506 1437 2651 1497 haec
2677 1470 2691 1485 ·

2127 1532 2465 1606 cognoscite
2493 1538 2637 1608 qiim

2127 1642 2313 1701 prope
2343 1635 2432 1684 est
2460 1625 2519 1682 in
2548 1626 2668 1683 limi

2126 1735 2201 1776 ne
2226 1748 2240 1763 ·
2285 1717 2383 1780 †⁸⁴
2402 1719 2597 1778 Amen
2625 1719 2763 1779 dico

2125 1812 2297 1871 uobis
2326 1813 2462 1889 quia
2490 1830 2611 1872 non

2123 1906 2418 1981 preteribit
2446 1905 2592 1965 haec

2124 2001 2425 2076 genaratio
2457 2000 2641 2059 donec

2123 2095 2321 2152 omnia
2350 2093 2495 2152 haec
2526 2094 2666 2152 fiant

2122 2188 2168 2220 ⁸⁶
2187 2188 2433 2247 Caelum
2461 2198 2518 2246 et
2545 2198 2694 2246 terra

2123 2282 2435 2341 transsient
2455 2313 2469 2329 ·
2542 2300 2646 2342 uer

2121 2415 2199 2475 ba
2228 2432 2370 2474 uero
2398 2430 2532 2475 mea
2555 2446 2568 2462 ·
2630 2432 2752 2475 non

2122 2510 2518 2585 praeteribunt
2546 2541 2561 2556 ·

2120 2603 2258 2662 ³⁶De
2270 2604 2360 2662 die
2370 2614 2566 2662 autem
2574 2604 2668 2662 illa
2680 2601 2823 2662 etho

2120 2715 2184 2756 ra
2214 2716 2390 2757 nemo
2419 2699 2525 2758 scit
2550 2730 2564 2744 ·
2628 2700 2779 2774 neq‘)

2120 2791 2310 2866 angeli
2332 2791 2631 2850 caelorum
2658 2824 2670 2837 ·

2121 2902 2311 2960 neque
2340 2884 2489 2942 filius
2551 2885 2660 2943 nisi

2119 2986 2282 3052 pater
2311 2977 2470 3037 solus
2493 3009 2508 3024 ·
2535 3010 2548 3024 ·

2894 500 2976 560 sic
3006 501 3110 560 erit
3140 503 3425 563 aduentus

2892 593 2972 651 fili
2999 595 3255 655 hominis
3277 628 3292 644 ·
3312 630 3394 642 —

2890 686 2936 720 ‘⁰
2955 689 3130 748 Tunc
3148 690 3266 750 duo
3284 703 3451 753 erunt
3478 693 3539 752 in
3561 712 3599 755 a

2889 800 2999 859 gro
3021 814 3034 829 ·
3095 802 3245 843 unus
3274 787 3423 847 adsu

2891 886 3078 935 metur
3104 887 3161 935 et
3188 897 3340 939 unus
3368 900 3432 940 re

2888 968 3176 1046 linquetur
3194 1004 3209 1018 ·
3253 972 3294 1005 ⁴¹
3314 973 3465 1034 duae

2888 1062 3174 1123 molentes
3204 1066 3278 1124 ad
3309 1085 3408 1127 mo

2890 1153 3007 1213 lam
3087 1176 3237 1216 unus
3267 1160 3514 1222 adsume

2886 1256 2981 1306 tur
3007 1258 3065 1308 et
3093 1270 3243 1312 unus
3271 1253 3412 1313 relin

2886 1354 3094 1418 quetur
3114 1376 3127 1391 ·
3171 1344 3216 1377 ¹²
3233 1345 3371 1407 Duo
3399 1349 3459 1407 in

2884 1435 3037 1496 lecto
3134 1456 3288 1498 unus
3316 1442 3463 1501 adsu

2883 1538 3073 1589 metur
3101 1542 3157 1591 et
3185 1550 3337 1593 unus
3365 1555 3428 1595 re

2882 1621 3175 1699 linquetur
3195 1657 3208 1671 ·
3253 1627 3297 1658 ⁴⁸
3317 1628 3456 1706 Uigi

2880 1715 2993 1774 late
3024 1735 3165 1794 ergo
3195 1721 3330 1795 quia
3360 1726 3522 1784 nesci

2880 1809 2953 1867 tis
3046 1829 3163 1887 qua
3193 1813 3337 1871 hora
3364 1814 3477 1876 dr‘is

2880 1912 3070 1962 uester
3099 1906 3291 1964 ueniet
3315 1938 3328 1953 ·
3357 1939 3369 1954 ·

2879 1995 3091 2055 “Illud
3120 2008 3314 2057 autem
3342 2002 3552 2063 scitote

2879 2096 3021 2166 qfim
3052 2092 3100 2149 si
3130 2093 3301 2151 sciret
3327 2106 3491 2169 pater

2880 2182 3123 2242 familias
3192 2202 3310 2262 qua
3338 2186 3484 2247 hora

2879 2275 2968 2334 fur
2995 2279 3152 2338 uenit
3222 2279 3483 2356 uigilaret

2877 2408 3074 2486 utique
3172 2421 3229 2470 et
3258 2427 3382 2471 non
3412 2412 3460 2472 si

2877 2514 3040 2562 neret
3065 2504 3355 2580 perfodite

2879 2596 3124 2656 domum
3152 2616 3319 2656 suam
3343 2630 3358 2645 ·

2878 2689 3084 2749 ⁴‘’Ideo
3114 2701 3172 2749 et
3200 2708 3309 2750 uos
3338 2702 3524 2754 estote

2876 2784 3060 2859 parati
3091 2820 3104 2835 .
3131 2791 3136 2802 '
3170 2785 3307 2861 quia
3337 2805 3454 2863 qua

2881 2877 3024 2936 hora
3054 2896 3178 2937 non
3209 2882 3452 2956 speratis

2878 2971 3027 3029 filius
3057 2972 3312 3033 hominis
3343 2992 3460 3034 uen

2114 3071 2163 3140 ,⁸⁷
2182 3070 2343 3130 Sicut
2370 3081 2565 3131 autem
2595 3072 2654 3129 in
2684 3071 2776 3130 die
2877 3075 3041 3125 turus
3076 3076 3164 3126 est
3189 3099 3203 3114 ·
3230 3094 3310 3118 φ,

2118 3166 2228 3223 bus
2258 3183 2373 3225 noe
2396 3196 2410 3212 ·
2473 3166 2562 3224 Ita
2592 3166 2695 3224 erit
2717 3166 2795 3225 ad
2843 3156 2921 3192 *⁴⁶
2939 3159 3088 3232 Quis
3115 3162 3273 3219 enim
3301 3171 3390 3221 est
3419 3163 3535 3224 fide

2116 3270 2327 3317 uentus
2356 3259 2433 3318 fili
2464 3259 2716 3319 hominis
2739 3290 2753 3305 ·

2841 3253 2945 3311 ¹'‘lis
2973 3272 3173 3313 seruus
3202 3264 3260 3313 et

2116 3352 2160 3384 ⁸⁸
2179 3352 2338 3411 Sicut
2359 3354 2516 3411 enim
2544 3362 2708 3412 erant
2734 3354 2794 3410 in
2841 3343 3131 3422 *prudens
3157 3365 3335 3423 quem

2116 3446 2321 3505 diebus
2343 3457 2476 3505 ante
2499 3446 2765 3504 diluuiu-
2783 3477 2797 3492 ·
2841 3437 3170 3499 *constituit
3200 3441 3312 3498 dns

2117 3541 2541 3599 manducantes
2569 3551 2626 3598 et
2657 3540 2716 3598 bi

2116 3635 2323 3693 bentes
2347 3661 2360 3674 ·
2421 3635 2704 3693 nubentes

2839 3531 3012 3592 *suus
3035 3564 3050 3578 ·
3111 3551 3282 3609 super
3312 3534 3393 3593 do

2838 3625 3035 3684 *mum
3064 3644 3229 3684 suam
3253 3657 3267 3672 ·
3331 3636 3394 3685 ut

2117 3737 2175 3787 et
2192 3738 2440 3803 nuptum
2461 3726 2750 3786 tradentes
2760 3758 2820 3772 ·-
2837 3719 2970 3778 *det
2991 3719 3155 3777 cibos
3182 3720 3243 3777 in
3270 3730 3391 3778 tem

2115 3839 2297 3897 usque
2325 3823 2385 3879 in
2414 3820 2507 3879 die
2536 3839 2651 3897 qua
2675 3822 2738 3880 in

2115 3916 2284 3973 trauit
2313 3932 2424 3972 noe
2453 3914 2512 3970 in
2541 3932 2676 3972 arca
2696 3945 2709 3960 ·

2839 3811 3018 3890 *pore
3041 3843 3054 3858 ·
3098 3813 3142 3845 ‘⁷
3161 3813 3372 3872 Beatus

2874 3923 3076 3965 seruus
3104 3906 3198 3964 ille
3230 3924 3409 3983 quem

2118 4009 2161 4042 ⁸⁹
2180 4018 2238 4067 et
2256 4026 2376 4066 non
2395 4015 2796 4084 cognouerunt
2873 3999 3116 4058 ueniens
3150 3999 3260 4059 dr‘is
3289 4000 3416 4063 eius

2121 4102 2313 4161 donec
2342 4101 2501 4159 uenit
2529 4100 2797 4160 diluuiu-

2120 4206 2177 4255 et
2209 4195 2332 4256 tulit
2360 4213 2571 4255 omnes
2595 4226 2609 4243 ·

2873 4093 3092 4152 inuenit
3123 4093 3416 4153 faciente-

2876 4188 2960 4248 sic
2987 4218 3001 4235 ·
3061 4187 3106 4220 ⁴⁸
3127 4189 3321 4246 Amen
3349 4188 3480 4252 dico

3224 4312 3259 4355 1²

3512 350 3595 416 33

3627 525 3751 576 1¹01,
3774 526 3866 575 65.
