4414 4917
2125 452 2160 479 Η
2275 450 2314 481 ,2

2042 504 2384 604 SJJCUlgD„
3434 491 3556 576 163

3070 668 3210 717 XIX.
3230 666 3453 731 4o-xx.
3480 679 3500 715 1
3515 680 3559 717 1.

1175 853 1501 927 lzgrauerunt
1528 869 1663 911 eum
1691 853 1771 911 lin
2504 862 2700 913 autem
2730 854 2837 931 ipsi
2867 852 2987 913 duo
3016 854 3197 912 simul
3217 861 3272 912 et

1174 953 1275 1009 teis
1305 968 1442 1009 cum
1471 951 1828 1011 aromatibus
2500 951 2593 1010 ille
2623 952 2767 1010 alius
2797 952 3109 1029 discipulus
3137 970 3269 1028 prae

1175 1051 1319 1107 sicut
1347 1067 1481 1108 mos
1510 1049 1732 1109 iudaeis
1760 1060 1847 1111 est
2498 1051 2675 1109 currit
2703 1051 2872 1110 citius
2901 1061 3066 1128 petro
3094 1058 3156 1109 et

1173 1147 1409 1223 sepelire
1437 1148 1476 1181 ⁴¹
1498 1158 1622 1206 erat
1650 1157 1832 1207 aute‘·
2499 1150 2658 1208 uenit
2687 1150 2907 1227 primus
2935 1149 3011 1209 ad
3040 1167 3224 1209 monu

1174 1248 1236 1302 in
1264 1247 1389 1305 Ioco
1418 1246 1518 1304 ubi
1546 1246 1857 1306 crucifixus
2499 1259 2762 1306 mentum
2790 1248 2813 1281 ⁸
2830 1259 2889 1307 et
2918 1265 3053 1308 cum
3082 1266 3143 1307 se
3175 1248 3234 1306 in

1173 1349 1256 1400 est
1277 1344 1478 1403 hortus
1508 1353 1566 1403 et
1593 1346 1654 1403 in
1684 1344 1854 1404 horto
2498 1345 2770 1405 clinasset
2796 1356 2854 1405 et
2882 1349 3187 1423 prospexit

1174 1452 1606 1501 monumentum
1635 1453 1845 1502 nouu-
2498 1445 2641 1504 uidit
2668 1445 2861 1522 posita
2890 1435 3190 1505 liniamina

1173 1542 1233 1596 in
1261 1558 1374 1615 quo
1405 1542 1670 1600 nondum
1699 1542 1924 1618 positus
2498 1562 2622 1604 non
2651 1553 2847 1603 tamen
2877 1544 3133 1604 introiuit

1139 1644 1253 1697 test
1277 1639 1586 1715 quisquam
1614 1637 1657 1672 ⁴²
1677 1640 1754 1699 ibi
1782 1658 1924 1717 ergo
2407 1643 2427 1673 ⁶
2444 1640 2624 1702 Uenit
2652 1655 2847 1703 autem
2876 1644 3068 1703 simon
3096 1653 3230 1720 petr

1157 1748 1389 1816 propter
1416 1757 1773 1815 parasceuen
2498 1759 2568 1799 us
2596 1759 2845 1819 sequens
2872 1752 2930 1801 et
2959 1742 3132 1800 introi

1169 1840 1304 1913 quia
1332 1841 1496 1895 iuxta
1522 1846 1644 1896 erat
1672 1856 1856 1897 monu
2498 1840 2582 1898 uit
2608 1841 2670 1899 in
2699 1850 3144 1899 monumentum

1170 1944 1418 1995 mentum
1445 1946 1767 2013 posuerunt
1796 1934 1968 2015 i1‘1'1(?)
2499 1944 2558 1993 et
2584 1934 2729 1994 uidit
2756 1935 3077 1993 lintiamina
3089 1945 3170 2010 po

928 2033 1096 2093 XX.¹
1127 2032 1255 2093 Una
1283 2044 1479 2094 autem
1509 2036 1734 2094 sabbati
1763 2053 1862 2093 ma
2500 2034 2608 2093 sita
2637 2034 2733 2093 ‘'et
2762 2034 3059 2093 sudarium
3087 2033 3242 2110 quod

1169 2136 1265 2193 ria
1293 2133 1635 2209 magdalene
1664 2134 1823 2194 uenit
2497 2141 2621 2191 erat
2648 2150 2821 2210 super
2851 2131 3043 2209 capud
3070 2131 3195 2189 eius

1167 2252 1328 2291 mane
1355 2251 1491 2291 cum
1519 2232 1710 2292 adhuc
1734 2233 1968 2292 tenebre
2496 2248 2619 2290 non
2649 2249 2784 2290 cum
2812 2230 3229 2289 lintiaminibus

1170 2341 1343 2389 essent
1371 2331 1448 2390 ad
1476 2348 1799 2391 monumen
2498 2330 2808 2406 separatim
2838 2339 2961 2389 erat
2989 2329 3192 2387 inuolu

1167 2436 1285 2489 tum
1313 2437 1367 2489 et
1387 2428 1549 2490 uide¹⁵
1576 2429 1829 2507 lapidem
2495 2438 2620 2488 tum
2649 2429 2710 2488 in
2737 2446 2919 2488 unum
2949 2428 3145 2488 locum

1132 2529 1441 2587 ?remotum
1470 2546 1505 2586 a
1533 2539 1863 2589 monume-
2402 2527 2424 2559 ⁸
2439 2525 2614 2587 Tunc
2644 2528 2898 2587 introiuit
2924 2537 2981 2587 et
3015 2528 3108 2587 ille
3135 2528 3227 2585 dis

1165 2633 1219 2685 to
2496 2626 2723 2703 cipulus
2752 2626 2851 2704 qui
2880 2636 3119 2684 uenerat

1075 2718 1097 2750 ²
1120 2722 1383 2785 Cucurrit
1412 2735 1468 2784 et
1496 2726 1656 2784 uenit
1683 2725 1759 2784 ad
1782 2726 1832 2783 si
2495 2723 2654 2800 prius
2682 2722 2758 2782 ad
2786 2731 3233 2782 monumentum

1168 2842 1375 2881 monem
1405 2834 1631 2901 petrum
1659 2835 1717 2883 et
1745 2824 1821 2884 ad
1848 2825 1923 2884 ali
2494 2832 2552 2882 et
2580 2822 2723 2882 uidit
2752 2832 2809 2882 et
2837 2822 3078 2882 credidit
3106 2822 3128 2854 ⁹
3148 2840 3258 2879 non

1167 2941 1260 2980 um
1291 2922 1634 2999 discipulum
1662 2940 1837 2999 quem
2496 2921 2638 2981 dum
2665 2923 2825 2981 enim
2854 2923 3183 2999 scriptura-

1168 3021 1395 3080 amabat
1423 3021 1512 3079 ihs
1541 3030 1600 3080 et
1628 3020 1769 3081 dicit
1795 3022 1880 3081 eis
2495 3021 2633 3099 quia
2661 3030 2890 3099 oportet
2916 3038 3052 3078 eum
3080 3038 3116 3078 a
3145 3036 3274 3077 mor

1168 3119 1420 3178 tulerunt
1449 3119 1592 3179 dnm
1621 3118 1693 3178 de
1722 3137 1825 3179 mo
2496 3120 2608 3179 tuis
2636 3137 2929 3196 resurgere
2954 3150 2968 3164 ·

1166 3228 1488 3276 numentum
1516 3227 1575 3276 et
1603 3218 1896 3278 nescimus
2376 3213 2419 3247 ¹⁰
2435 3214 2720 3273 Abierunt
2747 3232 2890 3290 ergo
2920 3214 3127 3271 iterum

1168 3314 1271 3373 ubi
1275 3326 1594 3392 posuerunt
1620 3334 1756 3375 eum
2492 3331 2528 3371 a
2557 3313 2903 3389 semetipsos
2932 3310 3214 3387 discipuli

1125 3412 1145 3444 ³
1165 3415 1316 3472 exiit
1337 3430 1482 3490 ergo
1511 3422 1708 3490 petrus
1735 3423 1794 3473 et
1822 3414 1861 3473 il
2430 3411 2471 3442 ¹¹
2494 3411 2679 3469 maria
2705 3421 2898 3468 autem
2927 3409 3114 3468 stabat

1170 3553 1979 3570 .........
2491 3509 2569 3569 ad
2596 3517 3047 3568 monumentum
3075 3503 3174 3582 plo

1169 3654 1182 3668 .
1271 3655 1281 3666 .
1342 3675 1348 3681 ,
1370 3654 1978 3669 .......
2491 3625 2626 3666 rans
2657 3608 2797 3666 dum
2824 3623 2968 3682 ergo
2998 3604 3270 3681 plorabat

1368 3753 1378 3765 .
1467 3753 1480 3766 .
1525 3710 1545 3740 ⁴
1564 3709 1866 3768 currebant
2491 3706 2791 3765 inclinauit
2820 3723 2882 3763 se
2910 3713 2969 3762 et
2997 3702 3304 3780 prospexit

913 3837 1031 3903 Cap.
1053 3854 1120 3888 xx
1174 3852 1195 3887 1
1219 3838 1347 3890 uidit
1370 3855 1437 3890 m.
1465 3854 1486 3889 1
1509 3855 1524 3899 ς
1558 3839 1694 3889 uidet
1717 3855 1842 3890 corr.
1867 3840 1962 3905 qui
1980 3847 2028 3889 et
2049 3846 2070 3889 t
2090 3845 2246 3903 supra
2268 3839 2456 3888 lineam
2478 3836 2690 3888 addidit.

910 3920 977 3968 ln
1002 3920 1168 3970 eadem
1189 3921 1420 3971 columna
1445 3922 1605 3973 lineae
1627 3922 1838 3973 ultimae
1861 3930 2075 3988 prorsus
2097 3926 2436 3982 marcuerunt,
2456 3926 2504 3969 et
2525 3919 2608 3969 hic
2630 3919 2739 3969 illic
2760 3933 2792 3967 a
2815 3933 2973 3967 manu
2997 3913 3262 3967 recentiam·
3279 3917 3545 3978 petperam

841 4001 1204 4068 redintegratae
1223 4004 1477 4064 videntur.

2851 4359 2973 4409 Y2
