4414 4917
2020 317 2469 391 SECUNDIJ
2567 348 2576 355 ·

2320 517 2567 578 ‘Omnis
2595 517 2751 576 enim
2780 515 2880 593 qui

2322 613 2466 689 petit
2494 611 2707 687 accipit
2727 641 2739 655 ·
2801 619 2861 668 et

2322 706 2419 781 qui
2451 705 2636 782 querit
2670 705 2806 763 inue

2325 800 2410 858 nit
2471 811 2529 857 et
2557 798 2812 875 pulsanti

2325 894 2609 970 aperietur
2628 924 2640 937 ·

2324 989 2475 1047 ”Aut
2504 989 2633 1063 quis
2662 997 2751 1047 est
2778 1005 2851 1045 ex
2880 1004 2961 1046 uo

2325 1083 2415 1142 bis
2443 1083 2627 1141 homo
2653 1107 2665 1122 ·
2727 1099 2904 1158 quem

2326 1179 2373 1235 si
2400 1188 2561 1254 petat
2590 1176 2739 1235 filius
2767 1194 2844 1252 pa

2325 1290 2462 1331 nem
2537 1270 2817 1348 numquid

2325 1366 2578 1443 lapidem
2608 1368 2763 1444 porri

2227 1480 2232 1493 ‘
2326 1473 2423 1537 get
2454 1462 2543 1520 ei·
2599 1460 2771 1519 ¹⁰Aut
2801 1461 2847 1518 si
2877 1460 2968 1537 pis

2327 1574 2459 1615 cem
2488 1556 2629 1632 petit
2653 1586 2664 1599 ·
2727 1573 2870 1613 num

2327 1650 2465 1725 quid
2495 1658 2827 1725 serpentem

2328 1744 2489 1801 dabit
2519 1743 2571 1801 ei
2597 1768 2609 1780 ·
2672 1742 2784 1800 ¹¹Si
2814 1758 2957 1817 ergo

2327 1854 2437 1895 uos
2466 1855 2603 1895 cum
2634 1836 2753 1894 sitis
2782 1853 2879 1893 ma

2329 1932 2365 1988 li
2392 1957 2402 1970 ·
2469 1931 2654 1989 nostis
2683 1931 2840 1987 bona

2332 2026 2465 2084 data
2495 2025 2632 2083 dare
2663 2024 2791 2082 filiis

2329 2121 2572 2179 uestris·
2630 2137 2786 2194 quan

2330 2224 2391 2273 to
2421 2213 2606 2289 magis
2634 2223 2796 2289 pater

2330 2319 2518 2365 uester
2547 2307 2644 2383 qui
2674 2308 2733 2364 in
2762 2325 2866 2364 cae

2385 2440 2438 2488 in
2461 2446 2609 2504 caput
2633 2437 2963 2503 quadragisim

2330 2520 2398 2577 lis
2428 2530 2516 2577 est
2546 2520 2702 2578 dabit
2731 2520 2887 2577 bona

2332 2615 2656 2691 petentibus
2686 2632 2745 2671 se
2771 2639 2782 2652 ·

2334 2707 2605 2767 ¹2Omnia
2634 2725 2777 2782 ergo
2807 2725 2956 2782 quae

2332 2820 2583 2877 cumque
2610 2800 2783 2859 uultis

2332 2909 2395 2955 ut
2425 2896 2635 2953 faciant
2661 2895 2831 2952 uobis

2335 2991 2601 3048 homines
2679 2989 2755 3046 ita
2783 3000 2841 3044 et

2334 3102 2443 3142 uos
2472 3083 2642 3142 facite
2669 3083 2779 3140 illis
2798 3113 2810 3126 ·

2339 3178 2506 3236 Haec
2535 3187 2621 3234 est
2651 3177 2807 3235 enim
2835 3176 2927 3234 lex
2958 3185 3013 3235 et

2337 3272 2598 3350 profetae
2620 3299 2632 3311 ·
2704 3271 2955 3335 †¹³Intra

2336 3381 2391 3425 te
2422 3385 2525 3443 per
2547 3376 2853 3442 angustam

2340 3474 2571 3540 portam
2595 3493 2608 3505 ·
2669 3478 2847 3537 quam

2341 3558 2454 3615 lata
2484 3568 2653 3632 porta
2680 3567 2739 3613 et
2761 3574 2870 3631 spa

2342 3654 2491 3710 tiosa
2520 3652 2613 3709 uia
2642 3669 2789 3727 quae
2820 3650 2898 3707 du

2341 3747 2417 3804 cit
2445 3746 2505 3802 in
2528 3746 2848 3821 perditione

2342 3840 2418 3898 Et
2447 3838 2610 3896 multi
2644 3846 2776 3896 sunt
2806 3837 2904 3914 qui

2342 3936 2555 3992 intrant
2586 3951 2687 4008 per
2715 3951 2846 3990 eam
2870 3957 2883 3970 ·

2344 4027 2593 4099 1⁴Quam
2624 4037 2869 4102 angusta
2895 4035 2984 4085 est

2345 4132 2514 4200 porta
2581 4133 2638 4178 et
2667 4131 2788 4178 arta
2816 4121 2944 4178 uia·
2979 4110 2986 4117 ⁸

2345 4236 2494 4293 quae
2524 4215 2680 4274 ducit
2703 4215 2776 4273 ad
2804 4216 2988 4274 uita‘·

2343 4323 2402 4370 et
2430 4311 2600 4387 pauci
2629 4321 2764 4369 sunt

3440 333 3581 397 [vll.
3610 336 3772 385 8-21.

3077 512 3176 588 qui
3202 512 3509 572 inueniunt

3077 623 3242 664 eam·
3305 606 3576 666 ¹⁵Atendi

3077 711 3134 758 te
3163 710 3358 759 autem
3388 719 3423 759 a
3458 700 3536 759 fal

3079 795 3158 853 sis
3186 794 3427 871 profetis
3454 796 3554 872 qui

3078 889 3322 947 ueniunt
3350 889 3426 948 ad
3452 908 3561 949 uos

3078 983 3139 1040 in
3178 983 3536 1042 uestimentis

3079 1076 3279 1135 ouium
3303 1101 3318 1117 ·
3378 1077 3517 1135 abin

3081 1181 3173 1229 tus
3203 1181 3396 1229 autem
3425 1182 3559 1230 sunt

3081 1264 3199 1340 lupi
3227 1282 3468 1341 rapaces
3492 1292 3506 1306 ·

3077 1356 3165 1417 ¹⁶2.
3192 1357 3472 1417 fructibus
3499 1377 3572 1417 eo

3079 1471 3206 1509 rum
3238 1470 3538 1529 cognosce

3078 1547 3153 1605 tis
3173 1565 3278 1606 eos
3301 1573 3314 1586 ·
3362 1546 3523 1604 Num

3081 1640 3221 1718 quid
3249 1640 3541 1724 colligunt
3562 1641 3636 1699 de

3081 1734 3262 1810 spinis
3288 1753 3393 1793 ·u·
3420 1753 3486 1793 as
3510 1761 3522 1775 ·
3543 1735 3664 1793 Aut

3083 1828 3156 1887 de
3185 1828 3407 1886 tribulis
3438 1829 3599 1887 ficos,

3083 1922 3125 1955 ¹⁷
3137 1922 3228 1981 Sic
3259 1923 3449 1982 omnis
3479 1923 3655 1981 arbor

3083 2017 3240 2075 bona
3269 2016 3487 2074 fructus
3516 2017 3588 2073 b0

3082 2129 3192 2168 nus
3220 2109 3392 2168 facit·
3455 2110 3611 2168 mala

3081 2215 3276 2263 autem
3303 2205 3477 2262 arbor
3504 2222 3602 2262 ma

3083 2298 3173 2356 los
3201 2297 3420 2355 fructus
3450 2296 3585 2356 facit

3084 2521 3277 2582 ¹⁸Non
3307 2531 3502 2598 potest
3531 2524 3703 2581 arbor

3084 2618 3242 2676 bona
3270 2615 3458 2675 malos
3488 2616 3612 2675 fruc

3085 2722 3179 2769 tus
3208 2709 3396 2769 facere
3419 2734 3432 2748 ·
3493 2728 3568 2768 ne

3087 2823 3201 2881 que
3230 2805 3402 2863 arbor
3430 2805 3585 2864 mala

3087 2898 3302 2957 fructus
3330 2900 3522 2958 bonus

3085 2992 3305 3051 facere·
3366 2991 3630 3052 ²⁹Omnis

3084 3088 3256 3145 arbor
3281 3105 3430 3163 quae
3460 3104 3582 3144 non

3087 3180 3222 3239 facit
3250 3179 3497 3250 fructum
3526 3181 3604 3239 bo

3088 3292 3230 3332 num
3252 3274 3547 3332 excidetur

3088 3378 3146 3427 et
3174 3368 3235 3426 in
3263 3367 3461 3444 ignem
3490 3367 3595 3426 mit

3088 3471 3236 3520 tetur
3255 3488 3268 3502 ·
3328 3462 3373 3494 ²⁰
3386 3461 3567 3537 Igitur

3089 3575 3163 3614 ex
3192 3554 3470 3613 fructibus
3499 3573 3572 3613 eo

3091 3668 3220 3707 rum
3248 3648 3617 3725 cognoscetis

3093 3762 3228 3802 eos·
3290 3744 3464 3802 2’ῐιοῐι
3494 3741 3687 3800 omnis

3093 3839 3192 3915 qui
3221 3837 3358 3896 dicit
3385 3836 3527 3894 mihi
3558 3836 3671 3895 dfie

3093 3933 3206 3990 dfie
3237 3931 3466 3989 intrabit
3486 3932 3548 3988 in

3093 4044 3343 4101 regnum
3370 4024 3606 4083 caelorfi
3630 4055 3645 4069 ·

3098 4120 3213 4179 Sed
3244 4120 3341 4196 qui
3372 4118 3505 4178 facit
3531 4118 3671 4177 uolt‘i

3096 4225 3271 4274 tatem
3301 4213 3479 4291 patris
3507 4213 3625 4270 mei

3096 4310 3193 4387 qui
3222 4309 3280 4367 in
3310 4308 3483 4369 caelis
3510 4318 3598 4365 est
3616 4333 3630 4348 ·

3804 521 3928 572 1¹01.
3952 520 4048 574 15.
