4414 4917
790 354 911 398 100

478 516 604 566 ποι.
624 518 743 569 187·
783 512 828 546 ¹⁰
842 525 900 573 et
928 532 1039 573 uos
1068 532 1205 574 cum
1235 512 1409 573 feceri

782 609 856 667 tis
884 609 1085 667 omnia
1112 626 1264 686 quae

782 712 1059 779 precepta
1088 712 1222 761 sunt
1248 719 1329 761 uo

766 796 873 855 ·bis
954 796 1156 855 dicetis
1180 827 1194 842 ·
1239 815 1332 855 ser

780 890 841 947 ui
870 891 1099 950 inutiles
1128 909 1329 950 sumus

783 984 942 1060 quod
971 985 1278 1043 debuimus

781 1077 971 1139 facere
1001 1079 1241 1138 fecimus
1261 1105 1344 1131 ω

912 1199 995 1224 s‘*
1159 1199 1241 1228 Φ

724 1263 753 1296 *
780 1266 822 1299 ¹¹
841 1267 917 1325 Et
946 1267 1165 1327 factum
1191 1278 1280 1327 est

725 1358 755 1391 ¹⁸²
781 1362 922 1421 dum
951 1363 1057 1422 iret
1085 1363 1213 1422 hiru

724 1453 753 1485 *
782 1457 960 1515 salem
991 1469 1048 1515 et
1075 1456 1253 1516 transi

723 1547 753 1580 *
778 1552 913 1610 ebat
939 1569 1044 1627 per
1073 1552 1267 1610 media

782 1647 1094 1705 samariam
1123 1655 1181 1704 et
1207 1663 1286 1722 ga

781 1739 971 1799 lileam
1000 1749 1057 1798 et
1086 1740 1231 1798 hieri

782 1834 897 1894 cho
921 1865 935 1880 ·
1000 1832 1044 1866 ¹²
1062 1835 1139 1893 Et
1165 1833 1391 1911 ingredi

780 1929 900 1988 enti
927 1929 981 1986 ei
1008 1929 1070 1986 in
1098 1929 1355 2005 quodam

782 2023 1017 2082 castello
1041 2054 1055 2069 ·
1120 2023 1197 2081 Et
1226 2041 1365 2082 ecce

779 2117 989 2178 decem
1015 2118 1122 2175 uiri
1151 2117 1313 2194 lepro

779 2212 827 2270 si
857 2219 1137 2271 steterunt

781 2325 817 2365 a
844 2307 1021 2382 longe
1105 2304 1147 2338 ¹³
1164 2306 1241 2364 Et
1270 2305 1401 2364 leua

782 2447 991 2497 uerunt
1020 2455 1230 2497 uocem
1261 2436 1318 2496 di

782 2544 982 2593 centes
1001 2564 1016 2580 ·
1086 2533 1186 2590 ihu
1216 2550 1319 2609 pre

783 2638 983 2703 ceptor
1011 2627 1280 2686 miserere

781 2722 953 2780 nobis
978 2752 992 2767 ·
1058 2720 1101 2755 ¹⁴
1117 2739 1267 2798 quos
1295 2731 1359 2778 ut

780 2814 925 2873 uidit
953 2814 1096 2873 dixit
1167 2815 1242 2872 ite
1271 2833 1341 2873 os

783 2908 999 2967 tendite
1030 2925 1139 2966 uos
1168 2926 1331 2965 sacer

781 3002 1014 3061 dotibus
1037 3032 1051 3047 ·
1122 3001 1201 3059 Et
1230 3001 1320 3060 fac

782 3107 908 3155 tum
930 3106 1015 3153 est
1037 3095 1178 3153 dum
1205 3114 1284 3155 ua

782 3189 929 3249 dunt
955 3190 1217 3249 mundati

783 3295 919 3344 sunt
942 3315 956 3330 ·
1027 3283 1071 3316 ¹⁵
1089 3283 1258 3342 Unus
1287 3301 1362 3342 au

783 3390 906 3438 tem
934 3398 1007 3438 ex
1039 3378 1147 3437 illis
1174 3387 1237 3436 ut
1264 3378 1323 3435 ui

784 3475 869 3534 dit
896 3475 1034 3552 quia
1062 3492 1239 3532 sanus
1268 3481 1355 3531 est
1385 3504 1398 3517 ·

781 3587 1083 3646 regressus
1111 3578 1198 3626 est

780 3681 918 3723 cum
947 3680 1167 3738 magna
1192 3679 1343 3721 uoce

773 3757 1158 3833 magnificans
1192 3755 1291 3813 dm
1316 3788 1330 3801 ·

778 3851 822 3884 ¹⁶
838 3852 915 3909 Et
944 3852 1155 3911 cecidit
1183 3851 1242 3908 in
1272 3849 1420 3909 facie

781 3958 916 4005 ante
945 3947 1125 4022 pedes
1154 3946 1278 4004 eius
1303 3978 1317 3991 ·

781 4041 995 4118 gratias
1024 4058 1208 4117 agens
1235 4040 1289 4100 ei
1308 4070 1323 4086 ·
1349 4070 1364 4086 ·

781 4135 860 4193 Et
887 4135 981 4194 hic
1010 4143 1133 4194 erat
1162 4134 1432 4192 samarita

783 4246 893 4288 nus
917 4259 931 4274 ·
992 4227 1038 4261 ¹⁷
1056 4227 1415 4304 respondens

2148 333 2389 397 SECD
2409 365 2424 380 ·

1535 521 1727 572 autem
1757 511 1846 572 ihs
1876 513 2020 571 dixit
2038 544 2053 559 ·

1532 607 1592 665 hi
1621 607 1825 667 decem
1854 608 2074 667 munda

1533 702 1577 760 ti
1606 713 1741 762 sunt
1823 720 2041 761 nouem
2069 721 2109 760 u
2196 757 2207 773 ,

1534 797 1593 857 bi
1622 807 1758 856 sunt
1778 828 1793 843 ·
1858 795 1899 828 ¹⁸
1921 814 1995 855 ex
2024 797 2133 855 inis

1535 910 1659 951 non
1687 901 1775 950 est
1804 890 1903 969 qui
1933 890 2055 949 redi

1537 996 1624 1045 ret
1713 995 1773 1044 et
1800 986 2014 1062 gratias
2044 1002 2153 1061 age

1536 1091 1621 1139 ret
1644 1110 1658 1125 ·
1720 1080 1830 1137 nisi
1860 1078 1953 1137 hic
1983 1079 2156 1137 alieni

1535 1192 1691 1251 gena
1714 1204 1728 1219 ·
1790 1172 1834 1206 ¹⁹
1851 1173 1926 1231 Et
1954 1174 2034 1231 ait
2061 1173 2139 1231 illi

1534 1287 1709 1345 surge
1737 1268 1889 1326 uade
1918 1268 2057 1345 quia

1534 1362 1679 1421 fides
1707 1373 1804 1422 tua
1832 1373 1887 1420 te
1917 1362 2050 1421 fecit

1537 1456 1763 1517 saluum
1790 1487 1803 1502 ·
1825 1489 1838 1502 ·
1883 1457 1966 1518 †'²⁰
1989 1455 2149 1514 Inter

1537 1562 1772 1628 rogatus
1794 1560 1992 1610 autem

1538 1663 1574 1704 a
1603 1646 1859 1705 farisaeis
1928 1663 2086 1722 quan

1537 1740 1616 1798 do
1644 1741 1805 1799 uenit
1833 1757 2079 1816 regnum

1536 1834 1596 1892 di
1614 1866 1628 1881 ·
1693 1843 1752 1893 at
1779 1833 1872 1893 ille
1901 1834 2047 1891 dixit

1535 1928 1620 1986 eis
1644 1959 1657 1973 ·
1719 1946 1840 1986 non
1869 1928 2027 1986 uenit

1533 2040 1781 2099 regnum
1810 2022 1868 2081 di
1897 2040 2032 2081 curn

1533 2117 1943 2175 obseruatione
1967 2146 1982 2161 ·

1533 2208 1574 2241 ²¹
1596 2209 1805 2288 Neque
1834 2212 2029 2270 dicent
2055 2227 2194 2268 ecce

1533 2304 1630 2363 hic
1660 2314 1755 2363 aut
1784 2324 1921 2364 ecce
1951 2304 2064 2363 illic

1533 2435 1691 2495 Ecce
1722 2437 1880 2495 enim
1909 2444 2093 2515 regnu

1536 2529 1595 2589 di
1624 2532 1774 2590 intra
1802 2550 1913 2591 uos
1943 2543 2034 2591 est

1534 2622 1664 2683 ²²Et
1687 2625 1764 2684 ait
1795 2625 1869 2684 ad
1899 2627 2218 2704 discipulos

1534 2737 1675 2779 suos
1757 2721 1992 2779 uenient
2024 2722 2082 2780 di

1538 2831 1602 2872 es
1630 2823 1693 2872 ut
1723 2813 2056 2874 desideretis

1533 2924 1717 2965 unum
1747 2906 1901 2966 diem
1930 2908 2008 2966 fili

1536 3000 1790 3058 hominis
1820 3012 1878 3059 et
1906 3020 2025 3060 non
2056 3003 2115 3060 ui

1536 3093 1747 3152 debitis
1771 3125 1785 3140 ·
1850 3092 1892 3126 ’θ
1913 3095 1993 3153 Et
2019 3096 2211 3155 dicent

1536 3190 1706 3247 uobis
1728 3207 1867 3248 ecce
1898 3189 1993 3249 hic

1535 3301 1673 3342 ecce
1703 3283 1817 3342 illic
1897 3284 2075 3342 nolite
2104 3283 2184 3343 ire

1536 3396 1726 3454 neque
1756 3379 2055 3437 sectemini

1535 3469 1578 3503 ²⁴
1597 3471 1753 3530 Nam
1782 3473 1930 3531 sicut
1958 3472 2148 3550 fulgur

1536 3566 1835 3643 fulgurans
1863 3566 1936 3625 de
1965 3567 2129 3626 caelo

1534 3660 1689 3719 lucet
1717 3661 1777 3718 in
1806 3660 1897 3719 his
1925 3679 2075 3737 quae

1537 3755 1646 3814 sub
1675 3753 1841 3813 caelo
1872 3765 2005 3812 sunt
2028 3785 2042 3801 ·
2105 3755 2183 3814 ita

1534 3849 1640 3907 erit
1668 3849 1817 3906 filius
1844 3847 2007 3907 homi

1535 3944 1626 4001 nis
1655 3944 1716 4000 in
1747 3942 1839 4000 die
1871 3961 2034 4002 sua—

1532 4035 1577 4070 ²⁸
1599 4036 1859 4096 Primum
1887 4047 2080 4096 autem
2109 4054 2148 4096 o

1532 4142 1723 4208 portet
1752 4131 1911 4189 illum
1943 4131 2063 4189 mul

1532 4236 1588 4284 ta
1619 4226 1737 4302 pati
1765 4235 1823 4284 et
1852 4226 2137 4300 reprobari

2342 530 2377 571 a
2406 510 2783 588 generatione
2813 510 2862 569 is

2340 617 2399 665 ta
2424 637 2438 652 ·
2495 603 2633 664 ”Et
2662 606 2810 664 sicut
2836 604 2927 663 fac

2342 710 2467 761 turn
2496 709 2583 759 est
2612 701 2671 757 in
2702 699 2907 758 diebus

2343 813 2458 853 noe
2541 795 2620 853 ita
2647 794 2752 853 erit
2779 804 2837 853 et
2865 794 2925 851 in

2341 889 2548 947 diebus
2576 884 2656 946 fili
2684 888 2845 947 homi

2343 984 2434 1041 nis
2457 1014 2471 1029 ·
2536 980 2867 1041 ”Edebant

2344 1086 2401 1135 et
2430 1078 2703 1136 bibebant
2722 1108 2736 1124 ·
2797 1093 2918 1136 uxo

2342 1190 2434 1230 res
2464 1172 2753 1231 ducebant

2342 1276 2400 1325 et
2427 1268 2723 1325 nubebant

2343 1379 2527 1438 usque
2555 1362 2615 1420 in

2342 1454 2498 1523 diem

2342 1548 2503 1608 illum
2531 1565 2651 1627 quo
2680 1549 2829 1607 intra

2341 1644 2425 1701 uit
2455 1662 2568 1702 noe
2599 1643 2658 1700 in
2688 1660 2882 1703 arcam
2907 1673 2921 1688 ·

2342 1738 2419 1796 Et
2448 1738 2608 1795 uenit
2636 1737 2854 1795 diluuiu

2343 1842 2400 1890 et
2429 1831 2678 1908 perdidit
2701 1850 2802 1890 om

2343 1944 2448 1984 nes
2468 1957 2481 1971 ·
2532 1922 2576 1958 ’Β
2597 1922 2865 1985 Similiter

2345 2020 2560 2078 factum
2587 2029 2676 2078 est
2705 2020 2765 2078 in
2796 2020 2890 2079 die

2342 2115 2451 2172 bus
2478 2113 2601 2172 loth
2685 2114 2827 2173 aede

2342 2210 2482 2267 bant
2508 2218 2565 2267 et
2594 2209 2868 2267 bibebant

2343 2304 2616 2362 emebant
2640 2333 2653 2348 ·
2718 2302 2910 2361 uende

2344 2436 2485 2494 bant
2504 2466 2517 2480 ·
2584 2433 2924 2512 plantabant

2344 2528 2729 2587 aedificabant
2751 2559 2766 2574 ·
2828 2525 2872 2560 ²⁹
2894 2546 3010 2606 qua

2346 2622 2437 2680 die
2467 2633 2662 2682 autem
2692 2622 2828 2682 exiit

2345 2717 2466 2776 loth
2496 2736 2531 2775 a
2560 2716 2821 2776 sodomis
2843 2746 2859 2763 ·

2344 2809 2487 2887 pluit
2515 2811 2664 2887 ignis
2693 2812 2765 2869 de
2794 2809 2957 2870 caelo

2344 2914 2401 2963 et
2429 2904 2673 2982 perdidit
2702 2922 2914 2962 omnes

3204 341 3396 405 [XVII.
3429 342 3726 394 io—xvm.
3751 357 3799 407 3.

3096 508 3338 568 liberare
3365 508 3568 585 perdet

3099 603 3258 662 illam
3281 634 3295 649 ·
3360 614 3416 662 et
3445 603 3673 681 quicu-

3096 716 3214 774 que
3241 697 3549 774 perdiderit

3095 792 3253 851 illam
3280 800 3515 868 propter
3542 809 3638 850 me

3097 885 3320 944 saluam
3350 886 3518 945 faciet
3546 885 3641 943 illa

3094 970 3301 1039 ⁸⁴Dico
3330 981 3499 1038 uobis
3528 981 3656 1057 ipsa
3684 997 3802 1040 noc

3097 1084 3154 1133 te
3184 1074 3301 1133 duo
3329 1085 3499 1134 erunt
3527 1076 3590 1133 in

3096 1168 3249 1229 lecto
3276 1187 3399 1229 uno
3482 1187 3634 1229 unus

3095 1264 3431 1323 adsumetur
3459 1273 3515 1323 et
3543 1263 3597 1322 al

3095 1367 3179 1418 ter
3206 1358 3559 1436 relinquetur

3098 1452 3143 1486 ⁸⁶
3162 1453 3329 1511 Duae
3359 1453 3643 1513 molentes
3673 1453 3734 1511 in

3098 1566 3284 1607 unum
3352 1566 3470 1606 una
3498 1547 3643 1606 adsu

3098 1652 3286 1700 metui·
3354 1651 3412 1700 et
3439 1660 3556 1700 una
3585 1660 3647 1701 re

3086 1736 3425 1814 ‚linquaetur
3443 1768 3458 1782 ·
3479 1768 3493 1783 ·
3513 1768 3599 1780 —

3097 1831 3237 1891 Duo
3266 1832 3326 1889 in
3355 1849 3498 1907 agro
3579 1847 3734 1889 unus

3098 1925 3430 1983 adsumetur
3458 1934 3515 1984 et
3543 1924 3597 1983 al

3097 2030 3183 2079 ter
3210 2020 3566 2097 relinquetur
3584 2049 3599 2065 ·

3097 2114 3141 2147 ⁸⁶
3160 2113 3611 2191 Respondentes

3097 2218 3292 2267 autem
3321 2208 3587 2267 dixerunt

3096 2303 3174 2361 illi
3258 2303 3352 2361 abi
3381 2302 3496 2361 dfie
3519 2334 3534 2349 ·

3098 2434 3143 2468 ⁸⁷
3164 2435 3375 2513 quibus
3404 2434 3528 2513 ipse
3559 2434 3702 2495 dixit

3099 2531 3492 2608 ubicumquae
3518 2530 3614 2589 fue

3098 2625 3170 2683 rit
3197 2643 3412 2700 corpus
3441 2625 3575 2684 illuc

3099 2719 3606 2795 congregabuntur

3202 2811 3426 2889 aquilae
3448 2839 3531 2865 φ.

3064 2904 3197 2966 *18.
3214 2905 3234 2938 ¹
3253 2907 3499 2967 Dicebat
3516 2917 3707 2966 autem
3726 2925 3803 2984 pa

2344 2998 2389 3031 ³⁰
2410 2998 2743 3057 Secundum
2771 2998 2915 3058 haec
2944 3000 3050 3057 erit
3064 2999 3363 3059 *rabolam
3392 3001 3466 3060 ad
3496 3002 3624 3060 illos

2346 3093 2468 3152 dies
2497 3092 2575 3150 fili
2605 3092 2858 3151 hominis

2344 3204 2460 3263 qua
2485 3186 2825 3245 reuelabitur
2848 3217 2863 3232 ·

2344 3279 2386 3313 ³¹
2407 3281 2476 3338 In
2506 3281 2602 3339 illa
2629 3280 2721 3339 die
2750 3281 2850 3357 qui
2877 3279 2971 3338 fue

2346 3376 2417 3433 rit
2446 3375 2506 3432 in
2537 3385 2690 3434 tecto
2722 3385 2780 3433 et
2807 3393 2884 3432 ua

2346 3488 2412 3528 sa
2440 3471 2562 3528 eius
2592 3471 2651 3528 in
2681 3470 2862 3528 domo

2346 3582 2468 3622 non
2498 3564 2812 3622 descendat
2841 3562 2925 3621 tol

2344 3658 2460 3718 lere
2489 3658 2585 3716 illa
2605 3689 2620 3704 ·
2679 3667 2735 3716 et
2766 3659 2864 3736 qui

2345 3753 2406 3811 in
2435 3771 2579 3829 agro
2608 3769 2732 3811 non
2761 3753 2902 3811 rede

2342 3856 2401 3905 at
2430 3846 2685 3904 similiter
2714 3856 2868 3905 retro

2343 3939 2388 3973 ³²
2407 3939 2704 3998 Memores
2732 3949 2914 3999 estote

2342 4035 2542 4095 uxoris
2569 4035 2692 4093 loth
2712 4065 2726 4080 ·
2786 4034 2831 4066 ³³
2848 4035 2949 4112 qui

2342 4147 2592 4209 cumque
2620 4138 2814 4187 autem

3064 3094 3241 3173 *qfim
3271 3105 3499 3172 oportet
3527 3114 3650 3155 sem

3097 3208 3202 3267 per
3228 3207 3396 3248 orare
3424 3198 3480 3248 et

3098 3301 3221 3341 non
3250 3283 3495 3343 deficere
3521 3317 3534 3329 -
3559 3316 3573 3332 ·
3601 3315 3615 3330 ·

3097 3373 3120 3408 ²
3143 3377 3345 3436 dicens
3369 3411 3382 3424 ·
3411 3411 3423 3424 ·

3098 3470 3271 3529 iudex
3301 3473 3539 3549 quidam
3569 3483 3691 3532 erat

3098 3565 3158 3623 in
3187 3566 3447 3643 quodam
3478 3566 3651 3626 ciuita

3097 3668 3154 3717 te
3184 3659 3283 3736 qui
3312 3659 3412 3718 dm
3442 3676 3564 3718 non
3593 3661 3635 3718 ti

3097 3755 3292 3811 mebat
3377 3763 3433 3813 et
3463 3754 3699 3814 homine

3098 3866 3220 3906 non
3250 3850 3617 3907 reuerebatur
3636 3881 3681 3893 -

3095 3940 3117 3972 ⁸
3136 3940 3330 4001 Uidua
3360 3952 3551 4001 autem
3580 3961 3731 4019 quae

3096 4034 3234 4094 dam
3263 4047 3384 4094 erat
3412 4037 3472 4094 in
3502 4038 3676 4096 ciuita

3093 4138 3150 4187 te
3180 4148 3331 4207 quae
3359 4131 3519 4190 uenit
3547 4130 3620 4189 ad
3648 4131 3689 4190 il

2342 4223 2648 4303 quaesierit
2676 4223 2869 4283 anima
2898 4228 3003 4282 sua
3091 4222 3213 4282 lum
3295 4224 3496 4284 dicens

3826 502 3952 552 1¹01.
3976 502 4102 549 188.
