4414 4917
615 340 701 392 v1.
724 343 948 405 57-VII.
974 338 1076 404 18.]

310 517 444 566 τοι.
469 519 590 566 221.
615 512 672 562 et
700 502 824 578 ipse
850 502 994 561 uiuit
1023 520 1175 579 prop

612 606 697 656 ter
723 615 819 655 me
841 628 856 642 ·
916 596 960 630 ³⁸
978 597 1072 656 hic
1102 608 1188 657 est
1215 615 1293 674 pa

615 690 706 750 nis
734 691 834 768 qui
864 690 938 750 de
966 690 1130 751 caelo
1159 690 1263 751 des

612 786 844 844 cendit·
916 785 1057 844 Non
1088 803 1208 862 quo

611 879 790 939 modo
819 880 1182 939 manducaue

608 983 740 1032 runt
767 983 959 1050 patres
987 974 1161 1032 uestri

610 1085 824 1128 manna
851 1079 909 1127 et
937 1068 1149 1126 mortui

612 1173 746 1222 sunt
766 1194 780 1210 ·
854 1163 973 1236 Qui
1001 1163 1186 1222 ederit

606 1274 818 1332 panem
845 1257 1018 1316 istum
1044 1257 1203 1316 uiuet

607 1350 663 1407 in
694 1361 992 1410 aeternum
1016 1382 1030 1396 ·

608 1442 823 1503 ”Haec
843 1445 986 1503 dixit
1004 1444 1063 1501 in
1082 1462 1306 1522 synago

609 1556 685 1614 ga
718 1537 939 1598 docens
968 1538 1029 1595 in
1057 1556 1235 1613 caper

608 1648 785 1690 naum
806 1663 821 1677 ·
892 1631 936 1664 ⁶⁰
952 1632 1116 1691 multi
1144 1650 1286 1708 ergo

610 1743 680 1783 ex
709 1725 1004 1801 discipulis
1031 1725 1156 1784 eius

608 1836 739 1877 cum
768 1819 1065 1879 audissent
1092 1818 1193 1878 dix

606 1923 768 1972 erunt
850 1913 1028 1972 durus
1056 1922 1144 1972 est

605 2025 794 2067 sermo
823 2008 928 2067 iste
998 2008 1126 2084 quis
1156 2026 1237 2084 po

606 2112 716 2162 test
742 2103 941 2161 audire
975 2121 1111 2161 eum
1136 2134 1150 2149 ·

604 2196 644 2230 ⁶¹
664 2196 869 2256 Sciens
899 2206 1096 2255 autem
1124 2196 1214 2255 ihs

602 2291 660 2351 in
689 2302 873 2352 semet
900 2292 1092 2368 ipsum

603 2655 734 2732 quia
761 2657 1198 2716 murmurabant

1882 323 2327 397 IOHANNE'
2341 365 2354 381 ·

1361 502 1405 536 ⁶⁸
1422 502 1498 562 Et
1526 503 1755 564 dicebat
1778 535 1792 551 ·
1856 523 2007 583 prop

1361 607 1520 657 terea
1547 598 1665 658 dixi
1691 600 1862 658 uobis

1361 694 1499 770 quia
1526 712 1703 752 nemo
1737 703 1930 770 potest

1360 787 1560 846 uenire
1588 787 1664 846 ad
1692 806 1788 847 me
1871 790 1921 848 si

1362 900 1485 940 non
1509 883 1709 941 datum
1739 882 1907 943 fuerit
1935 882 1988 943 ei

1363 993 1399 1033 a
1416 985 1578 1052 patre
1598 995 1752 1036 meo·
1782 976 1924 1035 ⁶⁶Ex
1939 978 2042 1038 h⁰c

1363 1069 1528 1128 multi
1554 1084 1915 1132 recesserunt

1360 1183 1433 1223 ex
1463 1163 1758 1242 discipulis
1784 1166 1907 1224 eius

1359 1269 1511 1318 retro
1541 1269 1599 1317 et
1626 1278 1761 1317 cum
1790 1260 1890 1319 illo

1360 1370 1479 1411 non
1511 1354 1882 1412 ambulabant
1904 1384 1919 1400 ·

1359 1446 1574 1507 ”Dixit
1590 1466 1733 1524 ergo
1756 1448 1845 1507 ihs
1870 1447 1944 1506 ad
1964 1448 2042 1509 du

1359 1539 1591 1599 odecim
1661 1542 1949 1619 numquid

1357 1642 1414 1692 et
1443 1651 1553 1692 uos
1579 1634 1750 1693 uultis
1777 1635 1859 1694 ire

1356 1726 1399 1760 ⁶⁸
1419 1726 1746 1805 Respondit
1773 1748 1914 1806 ergo
1942 1730 2021 1789 illi

1357 1821 1549 1882 simon
1578 1832 1774 1898 petrus
1794 1854 1808 1869 ·
1880 1823 1993 1883 dfie
2018 1855 2033 1871 ·

1355 1913 1432 1973 ad
1459 1933 1638 1991 quem
1665 1916 1877 1975 ibimus

1355 2010 1535 2067 uerba
1562 2010 1713 2068 uitae
1743 2021 1901 2069 aeter

1355 2119 1431 2162 ne
1460 2102 1643 2162 habes
1662 2136 1677 2150 ·
1729 2105 1772 2138 ⁸⁹
1789 2104 1866 2164 Et
1894 2123 2005 2166 nos

1354 2196 1705 2257 credidimus
1733 2209 1790 2258 et
1818 2218 1933 2276 cog

1353 2292 1626 2351 nouimus
1654 2298 1795 2370 qiim
1825 2304 1887 2353 tu
1916 2313 1979 2354 es

1351 2654 1463 2724 xps
1492 2647 1639 2711 filius
1668 2648 1727 2707 di
1753 2649 1872 2708 uiui
1892 2681 1906 2697 ·

605 2749 676 2809 de
705 2749 819 2810 hoc
850 2750 1117 2826 discipuli
1140 2751 1264 2809 eius
1283 2782 1297 2797 ·
1325 2743 1372 2776 ⁷⁰
1383 2742 2048 2821 Responditilliihs·non

604 2843 743 2902 dixit
769 2844 878 2904 illis
908 2844 1022 2903 hoc
1051 2862 1161 2904 uos

604 2939 955 2998 scandalizat
973 2970 988 2984 ·
1061 2937 1258 3015 ⁸²quid

604 3032 648 3090 si
676 3032 930 3092 uideritis
960 3031 1142 3091 filium

600 3124 851 3186 hominis
920 3127 1217 3188 ascenden

599 3230 717 3280 tem
744 3222 845 3280 ubi
874 3231 996 3280 erat
1023 3221 1264 3298 primu*
1282 3251 1297 3267 ·

598 3315 639 3349 ⁸⁸
655 3321 757 3392 sps
785 3325 874 3376 est
900 3316 1057 3375 enim
1084 3316 1183 3391 qui
1211 3315 1271 3373 ui

598 3411 792 3470 uificat
873 3429 1008 3470 caro
1039 3411 1180 3469 nihil

599 3505 835 3581 prodest
857 3537 871 3552 ·
898 3538 911 3552 ·
984 3505 1163 3564 uerba

598 3617 744 3676 quae
772 3616 888 3675 ego
914 3598 1144 3658 locutus
1172 3603 1241 3657 εὖ

603 3693 770 3752 uobis
791 3724 805 3739 ·
879 3698 979 3769 sps
1007 3703 1094 3751 est
1175 3701 1234 3751 et

599 3787 716 3845 uita
743 3796 833 3846 est
852 3818 866 3833 ·
911 3787 955 3819 ⁶⁴
974 3784 1092 3844 Sed
1120 3804 1194 3844 ex
1218 3803 1298 3844 uo

597 3879 685 3938 bis
713 3890 849 3940 sunt
875 3880 1112 3957 quidam

603 3976 700 4050 qui
728 3993 850 4034 non
880 3975 1125 4033 credunt
1144 4005 1158 4021 ·

603 4067 831 4127 Sciebat
858 4069 1018 4127 enim
1045 4068 1121 4126 ab
1149 4068 1229 4126 ini

599 4163 678 4222 tio
705 4164 794 4221 ihs
878 4162 979 4239 qui
1006 4181 1129 4221 non
1159 4180 1223 4222 es

603 4269 726 4316 sent
754 4257 1026 4317 credituri
1049 4288 1065 4304 ·

602 4363 657 4410 et
684 4353 783 4429 qui
812 4363 968 4411 esset
997 4351 1095 4427 qui
1124 4362 1246 4410 eu-

602 4457 720 4505 erat
744 4445 1056 4508 traditurus

1351 2856 1426 2896 ne
1455 2856 1569 2914 ego
1597 2854 1705 2897 uos
1735 2837 1929 2898 duode

1351 2932 1465 2991 cim
1494 2932 1643 3009 elegi
1673 2941 1730 2991 et
1756 2950 1906 2996 unus
1934 2951 2008 2992 ex

1349 3026 1517 3085 uobis
1548 3026 1811 3086 diabolus
1840 3037 1926 3086 est
1949 3057 1963 3073 ·

1347 3118 1639 3179 ”Dicebat
1658 3132 1851 3179 autem
1869 3121 2049 3180 iuda-

1351 3214 1637 3274 simonem
1665 3214 1951 3274 scariothe

1350 3308 1469 3368 Hic
1500 3310 1658 3367 enim
1687 3309 1993 3368 traditurus

1347 3412 1470 3461 erat
1497 3402 1657 3462 illum
1684 3421 1836 3462 unus
1865 3409 1940 3462 οῦ

1348 3508 1501 3556 esset
1529 3516 1602 3557 ex
1625 3496 2034 3556 duodecim—

1409 3617 1493 3645 Ψ
1573 3617 1656 3642 m
1738 3617 1818 3640 Φ
1900 3616 1982 3644 Φ

1349 3692 1406 3748 ’1.
1435 3684 1542 3743 ¹Et
1571 3684 1906 3744 ambulabat
1935 3685 2023 3744 ihs

1351 3789 1486 3855 post
1515 3778 1623 3838 hec
1648 3779 1706 3836 in
1728 3779 1998 3855 galileam
2016 3810 2030 3825 ·

1350 3892 1471 3933 non
1500 3874 1657 3932 enim
1685 3873 1921 3932 uolebat

1352 3968 1413 4026 in
1443 3967 1675 4027 iudeam
1704 3967 1940 4027 ambula

1348 4080 1409 4121 re
1432 4092 1447 4108 ·
1519 4068 1660 4138 qfim
1688 4079 1899 4138 quaere

1350 4157 1492 4214 bant
1520 4174 1654 4214 eum
1683 4155 1873 4213 iudaei
1900 4156 1962 4214 in

1347 4248 1606 4308 terficere
1629 4280 1644 4295 ·
1714 4246 1874 4307 'erat

1348 4344 1504 4403 enim
1534 4344 1594 4401 in
1620 4344 1953 4419 proximum

1353 4437 1476 4498 dies
1505 4436 1802 4496 sollemnis
1829 4437 1963 4497 iude

2166 523 2338 565 orum
2367 507 2720 583 scenopegia
2741 537 2755 553 ·

2165 600 2187 632 ⁸
2205 599 2489 659 Dixerunt
2518 619 2660 679 ergo
2688 600 2764 660 ad

2162 713 2300 753 eum
2328 695 2528 754 fratres
2555 697 2679 755 eius
2698 726 2712 742 ·

2164 789 2341 847 transi
2369 789 2506 848 hinc
2536 799 2593 848 et
2620 807 2696 847 ua

2165 880 2227 939 in
2257 880 2526 941 iudaeam
2594 893 2657 941 ut
2686 893 2745 942 et

2166 974 2432 1052 discipuli
2460 977 2542 1035 tui
2569 976 2704 1036 uide

2166 1077 2268 1126 ant
2294 1088 2473 1147 opera
2501 1089 2649 1148 quae
2680 1070 2739 1130 fa

2164 1163 2249 1222 cis
2272 1194 2287 1209 ·
2346 1164 2369 1196 ⁴
2386 1163 2581 1224 Nemo
2609 1166 2767 1224 enim

2163 1256 2224 1314 in
2253 1257 2481 1316 occulto
2511 1257 2724 1335 aliquid

2162 1349 2301 1409 facit
2354 1360 2413 1409 et
2440 1362 2673 1427 quaeret
2701 1353 2762 1430 ip

2160 1461 2225 1502 se
2253 1445 2313 1502 in
2342 1445 2537 1521 palam
2564 1464 2693 1506 esse

2163 1537 2225 1596 Si
2254 1537 2397 1598 haec
2425 1538 2570 1599 facis
2597 1539 2843 1601 manifes

2159 1642 2220 1692 ta
2247 1642 2301 1691 te
2331 1633 2526 1710 ipsum
2554 1633 2692 1695 huic

2158 1727 2382 1786 mundo
2401 1758 2415 1774 ·
2488 1729 2753 1805 “nequae

2157 1821 2315 1879 enim
2343 1830 2480 1880 tunc
2510 1820 2713 1883 fratres

2157 1916 2283 1974 eius
2311 1917 2677 1976 crediderunt

2158 2009 2219 2066 in
2249 2027 2385 2068 eum
2404 2040 2419 2055 ·
2481 2010 2503 2043 ⁶
2520 2009 2675 2069 Dicit
2703 2029 2777 2069 au

2157 2112 2277 2161 tem
2305 2102 2415 2161 illis
2441 2102 2530 2162 ihs
2611 2113 2729 2162 tem

2158 2215 2270 2275 pus
2299 2216 2497 2256 meum
2526 2198 2730 2258 nondfi

2160 2291 2398 2352 aduenit
2477 2301 2708 2370 tempus

2160 2656 2356 2705 autem
2384 2655 2638 2705 uestrum
2668 2663 2792 2704 sem

2159 2758 2264 2817 per
2292 2750 2378 2799 est
2407 2749 2673 2816 paratum
2698 2770 2712 2785 ·

2157 2834 2181 2866 ⁷
2202 2833 2344 2892 Non
2371 2841 2562 2911 potest
2584 2832 2677 2892 hic
2700 2850 2844 2891 mun

2157 2927 2268 2986 dus
2296 2926 2457 2987 odire
2485 2944 2595 2985 uos
2664 2945 2760 2985 me

2155 3033 2350 3081 autem
2380 3020 2502 3080 odit
2526 3052 2539 3066 ·
2600 3021 2738 3098 quia

2155 3135 2271 3194 ego
2298 3115 2572 3175 testificor
2600 3114 2672 3174 de
2702 3114 2740 3173 il

2157 3211 2215 3270 lo
2298 3216 2441 3286 qum
2469 3227 2648 3285 opera
2676 3209 2800 3268 eius

2154 3305 2411 3382 pessima
2439 3312 2573 3362 sunt
2596 3335 2609 3349 ·
2636 3335 2649 3349 ·

2152 3399 2303 3459 ‘’Uos
2316 3397 2609 3458 ascendite
2619 3396 2696 3456 ad
2705 3397 2858 3457 hunc

2154 3494 2310 3552 diem
2338 3492 2683 3552 sollemnem
2705 3522 2720 3537 ·

2153 3586 2288 3665 Ego
2317 3597 2510 3645 autem
2527 3585 2807 3644 ‘nondum

2155 3682 2414 3742 ascendo
2433 3712 2447 3726 ·
2513 3685 2656 3755 qilm
2684 3697 2780 3737 me

2155 3795 2258 3836 um
2286 3786 2516 3851 tempus
2545 3772 2750 3832 nondil

2155 3868 2460 3945 impletum
2489 3877 2577 3927 est
2599 3898 2614 3913 ·

3537 350 3617 421 51

2917 506 3263 566 sollemnem
3346 525 3469 566 non
3499 526 3578 586 pa
3644 526 3766 573 ποι.
3790 525 3916 575 aaa.

2917 598 3035 658 lam
3065 599 3169 658 sed
3198 601 3364 676 quasi
3392 602 3562 661 occul

2918 701 3014 752 tae
3033 724 3047 739 ·
3072 690 3325 752 ¹¹Iudaei
3345 713 3487 771 ergo
3506 714 3620 773 que

2916 789 3119 846 rebant
3147 806 3283 847 eum
3312 789 3370 846 in
3401 789 3495 849 die

2917 880 3178 940 solemne
3207 892 3264 941 et
3293 882 3559 943 dicebant

2916 974 3016 1033 ubi
3046 985 3134 1035 est
3160 975 3253 1035 ille
3278 1007 3292 1022 ·
3357 974 3467 1036 ²'et
3489 996 3620 1036 mur

2916 1085 3047 1127 mur
3076 1070 3150 1129 de
3180 1069 3279 1130 illo
3310 1070 3496 1130 factus

2916 1172 3005 1222 est
3032 1182 3284 1241 magnus
3313 1166 3374 1223 in
3403 1166 3499 1242 ple

2915 1258 2989 1316 be
3009 1288 3023 1304 ·
3094 1258 3334 1334 quidam
3362 1260 3520 1319 enim

2913 1350 3188 1411 dicebant
3215 1353 3350 1430 quia
3377 1355 3455 1413 bo

2914 1462 3026 1505 nus
3056 1456 3145 1505 est
3167 1478 3181 1492 ·
3247 1447 3342 1505 alii
3372 1447 3502 1507 dice

2913 1539 3057 1598 bant
3086 1558 3208 1601 non
3236 1541 3344 1600 sed
3370 1541 3517 1600 sedu

2913 1632 2992 1692 cit
3021 1633 3304 1710 populum
3326 1665 3341 1681 ·
3400 1635 3442 1669 ¹⁸
3460 1634 3554 1695 Ne

2912 1744 3012 1785 mo
3041 1735 3239 1785 tamen
3267 1738 3518 1788 constan

2911 1830 2997 1879 ter
3025 1821 3098 1879 de
3125 1820 3224 1880 illo
3251 1820 3504 1898 loqueba

2909 1924 3000 1974 tur
3027 1924 3265 1991 propter
3291 1921 3452 1974 mett't

2909 2007 3250 2067 iudaeorum
3279 2039 3295 2055 ·
3337 2014 3376 2072 †
3395 2009 3438 2042 ¹⁴
3454 2007 3533 2068 Et

2908 2120 3045 2161 cum
3073 2103 3189 2161 iam
3219 2101 3341 2162 dies
3370 2103 3491 2163 sole

2907 2197 2999 2255 nis
3029 2196 3104 2255 ad
3132 2195 3391 2256 medium
3419 2216 3526 2274 per

2912 2291 3169 2350 uenisset
3187 2321 3202 2337 ·
3274 2291 3474 2351 Ascen

2915 2395 3217 2445 mediantem
3294 2402 3615 2462 penteconste

2914 2475 3066 2526 lectio
3083 2475 3328 2540 euangelii
3344 2475 3614 2532 secondum

2916 2553 3131 2604 iuhanne

2913 2634 2996 2692 dit
3025 2633 3116 2692 ihs
3144 2634 3203 2691 in
3233 2632 3453 2710 templo
3482 2643 3541 2692 et

2912 2728 3194 2787 docebat·
3253 2726 3298 2759 ¹⁸
3317 2725 3593 2787 Miraban

2910 2832 3003 2880 tur
3029 2832 3224 2881 autem
3252 2820 3442 2880 iudaei
3472 2821 3533 2880 di

2911 2926 3112 2975 centes
3135 2947 3149 2962 ·
3220 2913 3529 2993 quomodo

2911 3009 3006 3069 hic
3035 3010 3249 3069 litteras
3277 3010 3386 3070 scit
3412 3009 3514 3086 qui

2911 3122 3035 3163 non
3066 3104 3266 3163 didicit
3288 3135 3302 3150 ·
3325 3136 3338 3150 ·
3385 3100 3429 3136 ¹⁶
3448 3093 3572 3163 Res

2911 3198 3148 3274 spondit
3175 3216 3318 3274 ergo
3347 3196 3454 3256 illis
3482 3197 3572 3256 ihs

2907 3302 2965 3351 et
2995 3292 3139 3351 dixit
3220 3309 3353 3350 mea
3380 3291 3567 3350 doctri

2909 3405 2988 3444 na
3016 3405 3135 3445 non
3165 3397 3252 3444 est
3281 3403 3411 3443 mea
3441 3384 3546 3443 sed

2910 3481 3035 3539 eius
3064 3480 3164 3555 qui
3192 3497 3286 3537 me
3315 3478 3472 3536 misit
3493 3507 3508 3522 ·

2912 3574 2954 3607 ¹⁷
2968 3572 3029 3632 Si
3058 3573 3187 3653 quis
3216 3571 3463 3631 uoluerit
3490 3588 3571 3629 uo

2909 3666 3193 3725 luntatem
3222 3666 3344 3724 eius
3374 3664 3502 3722 face

2909 3778 2973 3819 re
2992 3791 3006 3806 ·
3065 3760 3374 3836 cognoscit
3402 3758 3476 3817 de
3505 3757 3610 3817 d⁰c

2908 3855 3058 3914 trina
3124 3862 3320 3911 utrum
3349 3870 3423 3911 ex
3452 3850 3530 3911 (Ῑό

2154 3963 2326 4021 ’Hoc
2346 3980 2481 4020 cum
2499 3961 2736 4020 dixisset
2751 3958 2860 4018 illis
2909 3949 2982 4007 sit
3064 3966 3139 4006 an
3168 3964 3284 4023 ego
3307 3964 3342 4004 a
3364 3963 3459 4003 me
3481 3945 3612 4021 ipso

2157 4057 2371 4115 mansit
2399 4057 2457 4113 in
2487 4054 2692 4132 galilea
2715 4085 2730 4099 ·

2158 4150 2347 4210 ¹⁰cum
2374 4160 2569 4208 autem
2599 4165 2777 4207 ascen

2156 4245 2363 4304 derunt
2390 4243 2592 4302 fratres
2621 4243 2660 4300 il

2156 4340 2266 4398 lius
2289 4370 2304 4385 ·
2375 4348 2512 4396 tunc
2543 4346 2600 4395 et
2627 4337 2751 4414 ipse

2156 4432 2418 4495 ascendit
2446 4432 2506 4490 in
2535 4431 2692 4491 diem

2907 4042 3115 4119 loquor
3137 4071 3151 4086 ·
3194 4038 3236 4075 ²¹³
3248 4041 3346 4116 qui
3367 4057 3402 4097 a
3430 4046 3613 4098 semet

2911 4136 3041 4212 ipso
3070 4134 3322 4211 loquitur
3402 4131 3502 4209 glo

2910 4231 3058 4290 riam
3086 4229 3377 4306 propriam
3406 4244 3520 4303 que

2910 4325 2984 4383 rit
3006 4355 3020 4370 ·
3094 4323 3188 4399 qui
3217 4332 3412 4382 autem
3441 4336 3556 4396 que

2910 4420 2982 4479 rit
3009 4418 3254 4495 gloriam
3283 4417 3405 4476 eius
3431 4415 3532 4492 qui

3178 4531 3219 4572 n
3254 4529 3284 4569 2
