4414 4917
791 324 873 390 62

490 509 612 557 vok
637 509 765 559 283.
787 495 867 555 illi
894 507 1049 573 p⁰ter
1079 496 1139 555 in
1168 514 1346 555 manu
1367 527 1380 542 ·
1416 495 1494 554 Et

789 591 929 668 quia
945 610 980 650 a
1003 592 1081 650 do
1104 591 1308 650 exiuit·
1341 601 1398 650 et
1419 590 1495 648 ad

788 684 891 744 d1'1'1
920 685 1112 744 uadit·
1138 717 1150 731 ·
1183 686 1204 719 ⁴
1226 684 1436 743 Surrex

789 779 834 837 it
863 778 938 838 de
968 797 1119 838 cena
1146 789 1204 838 et
1233 779 1428 856 posuit

787 873 1137 932 uestimenta
1166 891 1271 932 sua
1291 904 1305 920 ·
1371 872 1447 931 Et

788 966 997 1027 tollens
1026 966 1271 1026 linteum
1300 985 1402 1044 pre

788 1061 969 1119 cinxit
999 1079 1062 1120 se
1083 1092 1097 1106 ·
1159 1060 1182 1093 ⁶
1200 1060 1431 1120 Deinde

788 1151 942 1214 misit
963 1173 1178 1232 aquam
1201 1156 1261 1213 in
1282 1155 1449 1231 pelue
1476 1187 1489 1201 ·

788 1259 846 1307 et
875 1250 1068 1325 coepit
1095 1249 1289 1308 lauare
1319 1268 1392 1326 pe

789 1342 895 1401 des
924 1342 1341 1419 discipulorum

789 1454 1030 1496 suorum
1113 1448 1169 1495 et
1202 1446 1360 1512 terge

787 1547 850 1588 re
880 1529 1092 1589 eodem
1121 1529 1300 1589 linteo

789 1640 911 1701 quo
938 1635 1062 1683 erat
1090 1625 1328 1701 precine

787 1728 883 1777 tus
903 1750 915 1764 ·
943 1750 956 1765 ·
1002 1719 1023 1749 ⁶
1041 1717 1220 1776 Uenit
1248 1737 1389 1794 ergo

789 1811 864 1870 ad
895 1812 1187 1872 simonem
1216 1819 1383 1889 petrfi

789 1916 847 1966 et
877 1906 1013 1966 dicit
1041 1907 1097 1965 ei
1126 1917 1324 1983 petrus

789 1999 924 2058 Dr‘ie
949 2031 963 2045 ·
1008 2010 1069 2059 tu
1097 2000 1239 2058 mihi
1271 2001 1415 2060 lauis

789 2095 973 2172 pedes
997 2127 1009 2140 ·
1034 2129 1046 2141 ·
1094 2095 1377 2171 ''Respon

791 2190 874 2246 dit
902 2189 992 2247 ihs
1026 2199 1084 2248 et
1113 2190 1257 2249 dixit
1283 2190 1363 2248 illi

788 2283 950 2360 quod
979 2301 1093 2360 ego
1123 2283 1274 2343 facio

786 2426 849 2476 tu
879 2416 1072 2476 nescis
1102 2434 1262 2477 nunc
1286 2448 1300 2462 ·

786 2520 992 2587 postea
1021 2511 1173 2570 scies
1193 2543 1206 2556 ·
1231 2543 1244 2558 ·
1288 2509 1313 2543 ⁸
1328 2512 1466 2570 dicit

788 2605 867 2663 illi
897 2615 1094 2682 petrus
1123 2623 1243 2665 non
1274 2606 1330 2666 la

788 2699 956 2758 uabis
985 2699 1127 2757 mihi
1156 2700 1339 2777 pedes

789 2794 851 2851 in
880 2802 1180 2852 aeternum
1205 2826 1219 2839 ·
1284 2794 1406 2853 Res

790 2887 1029 2963 spondit
1058 2887 1138 2945 illi
1169 2887 1258 2946 ihs
1282 2919 1296 2933 ·
1363 2889 1473 2947 nisi

789 2981 989 3041 lauero
1018 2991 1074 3039 te
1105 2999 1230 3040 non
1260 2981 1411 3040 habe

789 3075 879 3133 bis
909 3083 1137 3151 partem
1167 3093 1399 3134 mecum
1419 3107 1433 3120 ·

788 3167 973 3227 ⁹Dicit
990 3168 1068 3227 illi
1087 3170 1278 3228 simon
1297 3180 1494 3246 petrus

791 3263 906 3322 dfie
925 3294 940 3309 ·
1013 3281 1135 3323 non
1163 3273 1388 3325 tantum
1417 3282 1493 3340 pe

789 3357 896 3417 des
925 3376 1092 3416 meos
1116 3389 1130 3406 ·
1185 3357 1301 3417 Sed
1330 3359 1496 3417 etia-

789 3471 1001 3511 manus
1030 3463 1087 3511 et
1118 3451 1308 3529 capud
1328 3485 1413 3498 -—

790 3545 834 3578 ¹⁰
852 3546 1010 3606 Dicit
1040 3547 1116 3606 illi
1148 3546 1236 3606 ihs
1307 3547 1404 3624 qui
1434 3547 1494 3606 lo

774 3635 880 3700 'tus
911 3651 1001 3701 est
1030 3659 1149 3700 non
1180 3640 1355 3700 habet

787 3736 1192 3794 necessitatem
1219 3735 1329 3793 nisi

786 3829 971 3907 pedes
998 3828 1270 3888 lauandi·
1336 3829 1440 3889 sed

786 3934 874 3983 est
901 3924 1156 3982 mundus
1187 3931 1381 3982 totus·

787 4029 846 4077 et
872 4035 979 4078 uos
1009 4018 1212 4076 mundi
1242 4019 1412 4077 estis·

786 4111 893 4170 sed
922 4131 1042 4172 non
1072 4130 1280 4171 omnes
1303 4142 1318 4158 ·

787 4204 827 4236 ¹¹
850 4203 1085 4264 Sciebat
1107 4207 1262 4264 enim
1286 4207 1383 4282 qui
1408 4217 1491 4264 tra

2069 312 2543 386 SECUNDU-

1544 495 1762 555 diturus
1790 503 1913 553 erat
1941 512 2076 553 eum
2099 526 2112 540 ·

1545 599 1851 667 propterea
1880 589 2024 647 dixit

1543 682 1704 760 quod
1735 701 1857 742 non
1886 699 2099 742 omnes

1543 777 1747 836 mundi
1777 777 1916 837 estis
1936 807 1950 823 ·
1983 809 1997 823 ·

1542 869 1739 931 ¹²Cum
1763 888 1906 949 ergo
1924 868 2151 931 lauisset
2169 890 2244 948 pe

1543 964 1648 1024 des
1679 984 1882 1024 eorum
1912 974 1969 1024 et
1996 984 2065 1025 ae

1543 1060 1699 1136 cepit
1726 1061 1979 1120 uesuesti

1543 1164 1740 1212 menta
1770 1171 1873 1213 sua
1901 1163 1960 1212 et
1988 1172 2048 1212 re

1542 1248 1826 1306 cumbens
1853 1248 2001 1306 iterfi

1541 1342 1685 1400 dixit
1712 1342 1821 1400 illis
1892 1342 2107 1402 Scitote

1542 1436 1685 1512 quid
1715 1436 1824 1495 feci
1854 1437 2026 1495 uobis
2046 1468 2060 1482 ·

1544 1530 1585 1562 ¹³
1604 1530 1732 1590 Uos
1754 1531 1982 1590 uocatis
2010 1549 2106 1591 me
2134 1549 2232 1589 ma

1541 1625 1723 1701 gister
1750 1633 1808 1683 et
1836 1625 1947 1684 dfis
1972 1656 1985 1670 ·
2053 1635 2113 1683 et
2139 1626 2214 1685 be

1543 1738 1618 1778 ne
1648 1718 1835 1777 dicitis
1865 1737 1995 1778 sum
2023 1726 2118 1776 eni

1543 1811 1585 1844 ¹⁴
1606 1811 1666 1871 Si
1697 1831 1840 1888 ergo
1867 1832 1981 1889 ego
2010 1813 2122 1873 laui
2152 1832 2227 1890 pe

1545 1907 1649 1966 des
1677 1916 1906 1967 uestros
1935 1907 2047 1966 dfis

1544 2011 1602 2059 et
1630 2002 1905 2077 magister
1929 2034 1942 2047 ·
2004 2013 2061 2061 et
2092 2020 2198 2062 uos

1545 2095 1767 2154 debetis
1797 2096 2045 2155 inuicem

1546 2189 1738 2248 lauare
1767 2190 1948 2266 pedes
2049 2190 2093 2222 ¹⁵
2104 2210 2176 2249 ex

1544 2284 1833 2360 semplum
1863 2284 2018 2343 enim
2051 2285 2124 2343 de

1546 2415 1603 2475 di
1635 2416 1804 2476 uobis
1875 2426 1937 2474 ut
1967 2434 2144 2494 quem

1545 2509 1865 2570 admodum
1894 2529 2009 2587 ego
2039 2510 2147 2571 feci

1543 2604 1715 2663 uobis
1745 2614 1802 2663 et
1828 2622 1936 2663 uos
1966 2604 2115 2664 sacia

1543 2698 1648 2757 tis·
1677 2730 1689 2744 ·
1714 2731 1725 2744 ·
1770 2697 1815 2730 ¹⁶
1832 2698 2026 2757 Amen
2056 2717 2227 2757 amen

1545 2792 1679 2851 dico
1709 2793 1881 2851 uobis
1902 2824 1916 2838 ·
1978 2810 2101 2851 non
2130 2804 2219 2852 est

1544 2904 1747 2945 seruus
1776 2888 1962 2946 maior
1991 2887 2111 2946 dfio

1544 2997 1652 3038 suo
1678 3011 1692 3025 ·
1755 2998 1864 3039 nec
1895 2989 2103 3056 aposto

1544 3073 1633 3131 lus
1662 3074 1847 3132 maior
1875 3074 1974 3134 illo
2003 3074 2103 3151 qui

1545 3169 1771 3228 eumisit
1791 3200 1805 3214 ·
1874 3168 1916 3201 ¹⁷
1936 3169 1995 3228 Si
2024 3168 2132 3226 hec
2163 3171 2245 3228 sci

1546 3264 1652 3322 tis·
1684 3264 1835 3322 beati
1865 3264 2003 3322 estis
2033 3264 2079 3321 si
2110 3263 2163 3322 se

1544 3358 1735 3416 ceritis
1764 3376 1836 3417 ea
1865 3389 1878 3404 ·
1940 3358 1983 3390 ¹⁸
2003 3376 2124 3418 non
2156 3358 2228 3416 de

1545 3452 1818 3511 omnibus
1846 3453 2017 3511 uobis
2048 3452 2181 3510 dico
2203 3484 2217 3497 ·

1544 3564 1659 3621 ego
1688 3546 1842 3604 enim
1873 3546 1996 3605 scio
2026 3558 2166 3622 quos

1545 3640 1817 3715 elegerim
1838 3671 1852 3686 ·
1913 3640 2017 3699 sed
2047 3650 2109 3699 ut

1545 3733 1824 3810 scriptura
1852 3733 2027 3811 imple

1543 3838 1696 3887 retur
1719 3860 1732 3874 ·
1797 3830 1898 3905 qui
1927 3846 2066 3887 man

1544 3922 1719 3982 ducat
1748 3941 1980 3982 mecum
2008 3928 2161 3999 pane

1543 4035 1741 4075 meum
1770 4016 1984 4076 leuabit
2013 4017 2100 4076 cal

1542 4129 1791 4170 caneum
1822 4129 1992 4171 suum
2021 4109 2097 4172 ad

1543 4223 1744 4264 uersus
1764 4224 1858 4264 me
1879 4237 1892 4252 ·
1939 4205 2044 4262 ¹⁹A
2067 4205 2247 4264 modo

2351 493 2485 553 dico
2512 494 2681 554 uobis
2707 494 2863 570 prius

2350 604 2530 664 quam
2559 588 2659 646 fiat
2678 618 2692 634 ·
2753 597 2816 645 ut
2845 605 2980 646 cum

2348 679 2566 739 factum
2597 681 2764 739 suerit
2791 699 2890 740 cre

2350 774 2498 834 datis
2527 775 2664 851 quia
2692 792 2808 853 ego
2838 793 2968 834 sum
2993 806 3006 820 ·

2348 866 2590 927 ²·''Amen
2612 887 2786 928 amen
2809 869 2943 929 dico
2972 887 3051 929 uo

2349 963 2441 1022 bis
2461 994 2474 1008 ·
2540 964 2640 1040 qui
2670 959 2960 1040 acceperit

2351 1074 2533 1114 unum
2562 1075 2737 1134 quem
2767 1057 2911 1116 mise

2350 1169 2417 1209 ro
2447 1170 2540 1210 me
2570 1152 2793 1229 accepit
2812 1183 2826 1197 ·

2351 1244 2468 1317 Qui
2499 1256 2693 1304 autem
2723 1265 2818 1305 me
2846 1264 2985 1306 acce

2351 1341 2468 1416 pit·
2527 1342 2755 1417 accepit
2781 1358 2917 1398 eum

2351 1434 2450 1511 qui
2474 1453 2569 1492 me
2591 1436 2747 1493 misit
2767 1466 2780 1480 ·
2816 1432 3034 1496 ²¹Haec

2351 1537 2414 1585 ut
2444 1527 2590 1586 dixit
2618 1528 2708 1587 ihs
2791 1531 2958 1587 turba

2350 1632 2445 1681 tus
2474 1632 2561 1681 est
2590 1627 2700 1698 spu
2725 1654 2739 1668 ·
2800 1632 2858 1681 et
2886 1634 2972 1681 tes

2351 1716 2602 1777 tificatus
2631 1727 2720 1776 est
2801 1728 2860 1776 et

2351 1810 2527 1869 dixit·
2575 1812 2767 1870 Amen
2798 1829 2970 1870 amen

2352 1905 2485 1964 dico
2514 1906 2683 1964 uobis
2767 1906 2904 1983 quia

2351 2017 2503 2057 unus
2532 2018 2604 2058 ex
2634 2001 2805 2058 uobis
2834 2010 2924 2058 tra

2351 2093 2449 2151 det
2480 2111 2574 2151 me
2599 2126 2612 2139 ·
2678 2091 2723 2123 ²²
2743 2094 2984 2170 inspicie

2352 2189 2492 2245 bant
2522 2204 2663 2262 ergo
2691 2188 2901 2247 inuicie

2351 2298 2414 2339 se
2444 2281 2708 2357 discipuli
2791 2283 2949 2341 incer

2351 2413 2393 2472 ti
2421 2411 2494 2471 de
2524 2429 2642 2490 quo
2674 2413 2891 2474 diceret

2350 2505 2392 2539 ⁹⁸
2409 2506 2548 2565 Erat
2576 2517 2771 2566 autem
2803 2527 2998 2567 recum

2352 2602 2497 2659 bens
2527 2619 2681 2660 unus
2712 2602 2784 2661 de
2815 2602 2903 2660 dis

2350 2695 2558 2772 cipulis
2589 2697 2714 2754 eius
2743 2697 2802 2753 in
2834 2697 2964 2754 sinu

2349 2789 2448 2848 ihu
2536 2808 2713 2866 quem
2742 2789 2917 2866 dilige

2352 2886 2450 2942 bat
2478 2883 2567 2943 ihs
2593 2916 2606 2930 ·
2671 2881 2715 2915 ²⁴
2732 2883 2928 2942 Innuit

2351 2996 2492 3055 ergo
2522 2978 2600 3035 illi
2630 2978 2824 3036 simon
2855 2997 2928 3055 pe

2352 3084 2469 3131 trus
2498 3082 2555 3131 et
2584 3072 2728 3131 dixit
2753 3104 2767 3117 ·
2834 3073 2981 3131 inter

2350 3184 2494 3242 roga
2520 3167 2651 3243 quis
2681 3178 2768 3226 est
2797 3166 2870 3226 de
2900 3185 3020 3244 quo

2352 3261 2491 3320 dicit
2512 3293 2525 3306 ·
2549 3293 2562 3306 ·
2582 3292 2597 3307 ·
2632 3257 3055 3320 ”Recumbens

2351 3365 2546 3414 autem
2577 3353 2670 3413 ille
2700 3374 2874 3432 super

2351 3459 2556 3526 pectus
2585 3450 2682 3507 ihu
2703 3481 2717 3495 ·
2804 3450 2945 3508 dicit
2973 3448 3010 3507 il

2352 3544 2389 3602 li
2419 3544 2533 3602 dfie
2563 3544 2692 3621 quis
2721 3553 2809 3602 est
2835 3576 2847 3590 ·

2350 3636 2393 3670 ²⁶
2413 3638 2744 3716 Respondit
2774 3638 2862 3697 ihs
2887 3670 2900 3684 ·
2961 3637 3054 3697 ille

2352 3743 2441 3792 est
2471 3735 2562 3792 cui
2593 3751 2707 3810 ego
2737 3734 2919 3791 intinc

2352 3837 2476 3885 tum
2505 3846 2720 3904 panem
2748 3845 2959 3904 porrex

2352 3940 2452 3980 ero
2474 3953 2488 3967 ·
2548 3922 2626 3980 Et
2655 3923 2988 3998 intinguens

2352 4035 2568 4093 panem
2599 4017 2760 4075 dedit
2788 4017 2960 4075 iudae

2353 4112 2595 4170 simonis
2625 4110 2911 4170 scariothe
2932 4142 2945 4157 ·

2350 4203 2395 4238 ²⁷
2413 4216 2469 4265 et
2498 4216 2561 4264 ut
2589 4205 2815 4284 accepit
2841 4224 3057 4283 panem

3453 329 3622 394 [x111.
3649 347 3811 399 3-33·

3106 490 3282 551 Tunc
3310 491 3542 551 intrauit
3571 492 3631 550 in

3104 603 3242 645 eum
3272 596 3506 645 satanas
3530 618 3544 632 ·
3590 587 3646 645 di

3104 680 3181 739 cit
3209 699 3352 756 ergo
3380 680 3459 738 illi
3488 680 3578 739 ihs

3104 773 3267 851 quod
3297 774 3441 834 facis
3470 774 3562 834 fac
3593 775 3646 835 ci

3106 869 3218 927 tius
3242 899 3255 913 ·
3317 866 3360 899 ’Β
3377 867 3493 928 hoc
3524 879 3721 927 autem

3104 980 3282 1021 nemo
3308 961 3587 1022 intellexit

3106 1074 3180 1113 ex
3209 1055 3600 1115 discumbenti

3106 1150 3217 1208 bus
3245 1168 3428 1227 quare
3458 1150 3602 1210 dixit

3105 1242 3222 1301 hoc
3248 1274 3261 1289 ·
3321 1241 3365 1276 ²⁹
3383 1244 3621 1320 quidem
3651 1251 3746 1303 eni

3106 1340 3387 1413 putabant
3414 1339 3552 1415 quia

3107 1431 3359 1490 loculum
3390 1431 3638 1491 habebnt

3105 1525 3307 1584 iudas·
3353 1527 3514 1602 quod
3545 1527 3645 1585 dix

3107 1620 3243 1678 isset
3272 1621 3350 1678 illi
3380 1621 3469 1680 ihs
3489 1653 3502 1667 ·
3567 1640 3698 1680 eme

3106 1731 3177 1772 ea
3206 1732 3354 1791 quae
3384 1715 3674 1775 necessari

3105 1826 3140 1867 a
3167 1818 3304 1867 sunt
3333 1826 3368 1866 a
3396 1808 3554 1868 diem
3583 1809 3670 1869 fes

3106 1913 3229 1959 tum
3258 1912 3321 1960 ut
3349 1905 3591 1983 pauperi

3104 1997 3214 2055 bus
3245 1996 3461 2074 aliquid
3490 1996 3654 2057 daret
3673 2030 3686 2044 ·

3104 2090 3149 2122 ³⁰
3166 2090 3433 2167 Accepto
3463 2111 3608 2168 ergo
3638 2097 3795 2169 pano}

3105 2183 3198 2243 ille
3227 2203 3370 2243 mox
3398 2185 3577 2245 exiuit
3595 2217 3609 2231 ·
3632 2219 3645 2232 ·

3105 2290 3226 2337 erat
3255 2289 3451 2338 autem
3473 2298 3593 2339 nox

3106 2410 3146 2441 ³¹
3168 2410 3410 2488 quando
3441 2412 3621 2471 exiuit
3641 2444 3654 2458 ·

3105 2504 3264 2563 Dicit
3293 2505 3381 2566 ihs
3451 2525 3610 2567 nunc
3640 2507 3794 2567 hon⁰

3106 2599 3363 2658 rificatus
3394 2609 3480 2658 est
3509 2600 3589 2660 fili

3107 2711 3177 2751 us
3206 2693 3461 2753 hominis
3483 2727 3496 2740 ·
3557 2695 3634 2753 Et
3663 2695 3731 2755 ds

3107 2786 3524 2848 honorificatus
3553 2800 3642 2849 est

3105 2881 3168 2939 in
3196 2881 3295 2941 illo
3317 2913 3330 2928 ·
3395 2880 3441 2914 ⁸²
3457 2882 3534 2941 Et
3563 2885 3611 2942 si
3641 2884 3710 2944 ds
3732 2883 3812 2942 ho

3107 2975 3446 3035 norificatus
3473 2988 3560 3036 est
3588 2978 3649 3036 in

3105 3087 3179 3128 eo
3263 3070 3340 3128 Et
3370 3070 3439 3129 ds
3467 3070 3667 3132 h⁰nori

3108 3164 3303 3224 ficabit
3330 3165 3491 3223 illum
3518 3167 3578 3224 in
3609 3185 3671 3225 se

3107 3259 3420 3335 metipsum
3502 3260 3581 3320 Et
3609 3272 3698 3320 sta

3107 3353 3211 3412 tim
3241 3352 3650 3415 honorificabit

3107 3448 3269 3506 illurn
3293 3480 3305 3493 ·
3330 3480 3342 3493 ·
3365 3478 3379 3494 ·
3424 3448 3467 3481 ³³
3486 3448 3675 3510 Filioli

3107 3541 3298 3601 adbuc
3329 3542 3604 3620 pusillum

3108 3636 3417 3695 uobiscum
3449 3656 3579 3697 sum
3601 3672 3685 3681 —

3109 3732 3383 3808 quaeritis
3412 3751 3507 3791 me
3533 3765 3547 3780 ·
3609 3743 3666 3794 et
3695 3736 3744 3794 si

3110 3836 3207 3884 cut
3236 3827 3356 3885 dixi
3386 3828 3573 3886 iudeis

3110 3926 3254 3996 qum
3280 3922 3381 3980 ubi
3410 3922 3568 3981 uado
3596 3941 3711 4000 ego

3109 4033 3218 4074 uos
3248 4015 3326 4074 ibi
3357 4034 3477 4075 non
3508 4028 3678 4094 potes

3109 4109 3180 4167 tis
3207 4111 3405 4169 uenire
3432 4142 3445 4156 ·
3469 4142 3482 4156 ·
3506 4144 3518 4157 ·
3542 4122 3600 4170 et
3626 4130 3705 4173 uo

3110 4205 3201 4263 bis
3229 4204 3363 4264 dico
3394 4223 3550 4265 nunc

3837 499 3962 547 1²01.
3985 499 4112 548 234.
