4414 4917
844 2342 903 2393 ro

847 2989 904 3037 ¹5

847 3634 910 3669 20

1773 483 2479 542 UINDOBONENSIA
2535 474 2619 562 (s)

1358 732 1571 798 Tertii
1610 735 2058 815 quaternionis
2085 733 2337 814 folium
2376 735 2669 816 primum
2714 729 2959 818 (recto).

1740 949 1880 1014 Fol.
1934 951 2077 1029 71b
2125 948 2387 1032 (Belslz.‚
2443 946 2635 1033 le.).

1199 1155 1249 1193 ¹⁸
1272 1157 1707 1223 Uoluntariae
1754 1158 2095 1242 generauit
2142 1178 2263 1222 nos
2309 1156 2511 1221 uerbo

1358 1288 1653 1351 ueritatis
1699 1296 1773 1349 ut
1818 1286 2025 1350 simus
2072 1285 2331 1349 initium
2378 1284 2625 1367 aliquid

1355 1424 1732 1480 craeaturae
1776 1416 1916 1479 eius
1965 1447 1979 1462 ·
2082 1412 2131 1451 ¹⁹
2153 1413 2351 1478 Scitis
2394 1413 2624 1478 fratres

1356 1545 1483 1606 mei
1528 1542 1752 1608 dilecti
1800 1542 1883 1607 sit
1927 1554 2150 1608 autem
2199 1543 2417 1607 omnis
2462 1542 2668 1605 homo

1355 1670 1557 1737 uelox
1603 1673 1687 1735 ad
1737 1672 2138 1736 audiendum
2186 1671 2420 1736 tardus
2464 1678 2620 1735 aute

1355 1802 1439 1863 ad
1488 1799 1893 1883 loquendum
1940 1810 2008 1865 et
2057 1803 2286 1866 tardus
2333 1801 2418 1864 ad
2468 1801 2564 1863 ira

1357 1930 1663 1993 cundiam
1709 1925 1763 1965 ²⁰
1789 1928 2123 1993 iracundia
2169 1929 2346 1992 enim
2398 1929 2518 1992 uiri
2567 1929 2669 1992 ius

1356 2057 1572 2120 titiam
1621 2059 1690 2120 di
1737 2078 1868 2122 non
1916 2067 2232 2140 operatur
2277 2056 2325 2095 ²¹
2353 2067 2625 2140 propter

1357 2187 1536 2266 quod
1582 2186 1943 2250 abicientes
1987 2207 2257 2251 omnem
2305 2186 2597 2250 inmundi
2666 2188 2671 2191 ’

1359 2316 1523 2380 tiam
1568 2326 1635 2379 et
1680 2316 2161 2381 abundantiam
2211 2316 2503 2380 malitiae

1362 2445 1429 2508 in
1478 2445 1990 2511 mansuetudine
2033 2445 2348 2530 suscipite
2395 2445 2590 2511 insitu

1360 2574 1635 2638 uerbum
1682 2575 1863 2657 quod
1912 2585 2131 2658 potest
2178 2574 2436 2638 saluare
2482 2575 2586 2638 ani

1365 2722 1508 2766 mas
1552 2713 1810 2768 uestras
1856 2737 1871 2751 ·
2047 2702 2096 2741 ²²
2120 2704 2357 2769 Estote
2401 2713 2627 2768 autern

1364 2830 1646 2897 factores
1692 2833 1875 2897 uerbi
1922 2845 1989 2897 et
2033 2853 2167 2898 non
2215 2833 2550 2897 auditores

1358 2972 1622 3027 tantum
1670 2962 1974 3028 fallentes
2022 2963 2466 3046 nosmetipsos

1363 3089 1416 3126 2³
1438 3090 1491 3154 si
1538 3091 1685 3172 quis
1728 3092 1994 3157 auditor
2038 3100 2137 3154 est
2184 3077 2365 3155 uerbi
2414 3100 2481 3154 et
2528 3111 2658 3154 non
2708 3091 2807 3155 fac

1362 3230 1469 3283 tor
1513 3219 1619 3283 hic
1666 3221 2127 3285 aestimabitur
2174 3221 2317 3284 uiro
2364 3221 2542 3283 consi

1364 3348 1619 3413 deranti
1668 3348 1924 3413 uultum
1971 3347 2337 3412 natiuitatis
2381 3367 2457 3411 su

1365 3497 1445 3540 ae
1492 3478 1555 3539 in
1600 3477 1873 3560 speculo
1920 3509 1935 3525 ·
1979 3474 2035 3512 ‘²⁴
2056 3477 2503 3542 considerauit
2551 3487 2660 3540 eni

1364 3627 1437 3670 se
1481 3617 1546 3670 et
1593 3607 1756 3670 abiit
1802 3616 1868 3670 et
1915 3606 2141 3670 statim
2188 3604 2436 3670 oblitus
2484 3614 2584 3670 est

1367 3735 1581 3817 qualis
1625 3735 1832 3799 fuerat
1881 3768 1894 3782 ·
2029 3735 2084 3773 ²⁶
2112 3734 2246 3817 Qui
2292 3745 2513 3799 autem

1368 3865 1713 3947 perspexit
1759 3863 1822 3925 in
1874 3863 2089 3946 legem
2136 3863 2428 3946 perfectu

1367 3993 1688 4057 libertatis
1733 4002 1799 4056 et
1847 3993 2280 4074 permanserit
2326 4013 2457 4057 non

1367 4121 1630 4185 auditor
1673 4121 2036 4185 obliuiosus
2085 4120 2296 4186 factus
2342 4124 2458 4187 sed
2507 4121 2608 4187 fac

1362 4264 1467 4315 tor
1511 4252 1728 4334 operis
1775 4251 1878 4315 hic
1927 4251 2160 4317 beatus
2207 4253 2273 4314 in
2325 4252 2498 4315 facto
2543 4272 2663 4314 suo

2553 4382 2679 4445 erit

2149 4485 2196 4532 Ι)
2236 4487 2268 4532 2

3067 1049 3197 1112 Iac.
3232 1049 3271 1111 i.
3312 1067 3333 1109 1
3350 1046 3543 1127 8-25.
