4414 4917
308 538 454 586 1¹01
466 537 559 589 ⁷6.

598 361 806 413 xxvu.
835 357 1049 422 10-38.]

597 517 742 577 sicut
768 515 1065 577 constituit

595 611 735 669 mihi
763 610 876 670 dfis
897 643 910 657 ·
937 641 952 657 ·
1014 608 1057 642 ²¹
1077 608 1178 667 Ihs

596 716 788 764 autem
818 705 970 763 stetit
999 721 1078 762 an

596 810 650 857 te
678 798 970 874 presidem
993 828 1008 844 ·

596 890 673 951 Et
697 890 1072 967 interrogauit

597 1004 729 1045 eum
757 1002 956 1062 preses
983 984 1042 1043 di

598 1096 737 1138 cens
755 1110 769 1125 ·
813 1090 877 1136 tu
903 1095 967 1137 es
995 1096 1097 1136 rex

596 1172 895 1231 iudeorum
914 1202 930 1218 ·
973 1171 1033 1230 di

599 1267 673 1326 cit
700 1266 754 1324 ei
780 1265 870 1323 ihs
898 1276 960 1323 tu
986 1263 1135 1322 dixis

599 1361 637 1419 ti
654 1391 668 1406 ·
732 1359 778 1393 ¹²
793 1369 851 1418 et
876 1377 1013 1418 cum
1041 1376 1218 1418 accus

599 1463 814 1512 saretur
842 1471 877 1511 a
904 1452 1034 1528 prin

599 1547 818 1623 cipibus
847 1545 1091 1607 sacerdo

600 1651 719 1699 tum
746 1650 805 1699 et
832 1639 1046 1699 seniori

600 1735 705 1793 bus
732 1732 872 1791 nihil
901 1743 1107 1808 resp0n

599 1828 770 1888 debat
792 1854 805 1868 ·
867 1827 909 1860 ¹³
927 1826 1101 1887 Tunc
1130 1826 1190 1885 di

602 1922 674 1980 cit
700 1920 776 1978 illi
804 1920 1013 1998 pilatus
1036 1950 1052 1966 ·

600 2013 737 2075 Non
763 2014 928 2074 audis
954 2024 1174 2090 quanta

600 2110 873 2170 aduersus
900 2118 957 2168 te
985 2109 1045 2167 di

602 2214 737 2262 cunt
763 2202 1089 2263 testimonia
1113 2233 1128 2248 ·

600 2296 639 2331 ¹⁴
655 2296 731 2356 Et
760 2315 881 2356 non
907 2295 1207 2374 respondit

599 2390 673 2448 illi
700 2390 881 2448 ullum
908 2391 1093 2449 uerbii
1115 2421 1129 2436 ·

600 2521 686 2582 Ita
714 2532 777 2581 ut
804 2522 1102 2579 miraretur

600 2634 795 2693 preses
821 2615 1110 2674 uehemen

601 2720 682 2769 ter
700 2754 714 2768 .
756 2709 802 2743 ¹⁶
820 2708 930 2768 Per
958 2707 1114 2767 diem

600 2813 792 2862 autem
820 2802 1101 2862 sollemne·

600 2906 975 2956 consueuerat
1002 2912 1105 2972 pre

601 3008 690 3049 ses
717 2990 999 3049 dimittere
1027 3008 1107 3065 po

600 3084 735 3161 pulo
789 3102 972 3142 unum
999 3084 1135 3142 uinc

600 3189 720 3236 tum
746 3196 923 3254 quem
949 3177 1136 3237 uoluis

602 3282 726 3330 sent
744 3302 759 3318 ·
823 3270 867 3305 ¹⁸
884 3268 1189 3330 Habebam

601 3377 790 3424 autem
818 3374 955 3424 tunc
984 3367 1119 3425 uine

600 3471 721 3518 turn
747 3460 1035 3536 insignem
1054 3487 1067 3500 ·

602 3555 698 3628 qui
727 3553 1024 3613 dicebatur
1050 3555 1234 3614 barab

601 3647 705 3706 bas
726 3679 741 3694 ·
804 3647 849 3681 ¹⁷
864 3667 1160 3726 congrega

601 3742 671 3800 tis
699 3752 894 3801 autem
921 3742 1033 3801 illis

605 3835 745 3894 dixit
773 3835 983 3912 pilatus
1007 3867 1021 3882 ·
1052 3847 1217 3914 que-

601 3928 766 3987 uultis
787 3928 1075 3988 dimittam

601 4023 764 4082 uobis
787 4054 802 4068 ·
845 4024 1148 4082 barabban

601 4133 676 4174 an
700 4116 825 4175 ihm
853 4117 952 4193 qui
982 4116 1186 4175 dicitur

600 4214 708 4285 xps
731 4241 746 4257 ·
812 4208 856 4243 ¹⁸
872 4211 1094 4269 sciebat
1121 4217 1219 4269 eni

601 4304 753 4380 quod
781 4323 888 4382 per
908 4304 1178 4363 inuidia-

600 4398 954 4457 tradiderunt
979 4409 1103 4456 eu-
1118 4429 1132 4444 ·

1788 347 1924 408 MA
1943 335 2265 408 TTHEIJ·
2277 377 2292 394 ·

1354 511 1395 544 ¹⁹
1415 509 1662 571 Sedente
1690 523 1884 571 autem
1911 512 2011 572 illo

1352 624 1459 682 pro
1487 605 1756 665 tribunali
1779 637 1795 652 ·

1352 698 1513 758 Misit
1540 699 1617 759 ad
1643 717 1779 758 eum
1805 717 1954 759 uxor

1349 794 1471 852 eius
1499 793 1736 852 dicens·
1781 789 1923 851 nihil

1348 887 1419 945 sit
1453 888 1556 945 tibi
1590 898 1649 947 et
1676 888 1827 947 iusto
1860 888 1941 946 illi
1964 918 1979 934 ·

1350 980 1538 1041 Multa
1565 982 1722 1040 enim
1750 1000 1924 1058 passa
1953 988 2021 1041 sil

1346 1074 1520 1135 hodie
1548 1093 1653 1152 per
1678 1077 1884 1135 uisu--

1347 1180 1582 1246 propter
1608 1188 1744 1229 eum
1768 1201 1782 1216 ·

1345 1260 1391 1295 '⁰
1405 1262 1684 1340 Princeps
1712 1275 1905 1323 autem

1349 1357 1715 1417 sacerdotum
1746 1368 1804 1415 et

1348 1452 1602 1511 seniores
1632 1484 1644 1497 ·
1688 1470 1861 1527 persu

1349 1554 1581 1604 aserunt
1607 1544 1830 1622 populu
1849 1576 1864 1592 ·

1349 1649 1412 1698 ut
1437 1649 1698 1715 peterent
1727 1640 1907 1698 barab

1346 1733 1466 1792 ban
1489 1764 1504 1780 ·
1547 1732 1669 1791 ihm
1697 1751 1838 1793 uero

1347 1826 1653 1904 perderent
1674 1858 1689 1872 ·
1713 1858 1728 1873 ·
1787 1825 1831 1862 ¹²
1849 1827 1969 1887 Res

1347 1922 1618 1998 pondens
1647 1932 1842 1980 autem

1346 2032 1543 2092 preses
1569 2014 1652 2074 dit
1678 2015 1784 2076 illis
1807 2046 1823 2062 ·

1348 2108 1542 2181 Quem
1572 2109 1744 2168 uultis
1771 2109 1843 2168 de
1871 2109 1951 2169 du

1346 2204 1493 2263 obus
1521 2203 1805 2262 dimittam
1832 2222 1911 2264 uo

1346 2298 1467 2356 bis·
1512 2308 1571 2356 at
1596 2297 1673 2355 illi
1702 2298 1970 2356 dixerunt

1345 2391 1647 2449 barabban
1668 2396 1682 2462 ξ
1729 2388 1919 2451 ”dicit
1940 2391 2045 2450 illis

1346 2523 1554 2599 pilatus
1624 2523 1762 2599 quid
1792 2542 1856 2582 er

1346 2635 1425 2692 go
1452 2616 1729 2675 faciemus
1756 2617 1875 2675 ihm

1347 2711 1448 2787 qui
1476 2709 1679 2769 dicitur
1708 2716 1821 2786 xps
1839 2743 1853 2758 ·

1348 2803 1568 2862 Dicunt
1593 2822 1800 2864 omnes
1828 2823 1932 2864 cru

1348 2898 1610 2973 cifigatur
1628 2929 1642 2944 ·
1686 2899 1731 2933 ²³
1748 2899 1849 2958 Ait
1875 2898 1983 2959 illis

1348 3009 1545 3068 preses
1572 2991 1711 3068 quid
1739 2994 1885 3050 eni·-

1348 3084 1501 3143 male
1528 3084 1664 3145 fecit
1689 3104 1705 3132 ··
1758 3086 1924 3145 atilli

1349 3179 1532 3254 magis
1562 3178 1893 3239 clamabant

1348 3272 1606 3332 dicentes
1633 3274 1830 3332 crucifi

1347 3376 1515 3444 gatur
1538 3398 1552 3413 ·
1610 3364 1654 3400 ²⁴
1671 3367 1895 3429 Uidens

1348 3470 1542 3519 autem
1570 3461 1776 3538 pilatus
1794 3494 1808 3509 ·

1347 3561 1529 3631 th'om
1558 3555 1698 3613 nihil
1725 3558 1875 3632 profi

1348 3649 1427 3708 cit
1455 3649 1557 3707 sed
1586 3651 1773 3726 magis
1800 3660 1864 3711 tu

1346 3743 1594 3802 multum
1624 3743 1745 3802 fieri
1765 3776 1779 3791 ·

1345 3839 1609 3914 Accepta
1630 3855 1781 3915 aqua
1808 3839 1947 3899 lauit

1347 3948 1558 3990 manus
1588 3949 1787 3990 coram
1817 3952 1896 4010 po

1347 4024 1485 4101 pulo
1513 4023 1712 4084 dicens
1808 4028 1950 4088 inno

1347 4136 1488 4178 cens
1515 4136 1629 4195 ego
1658 4137 1786 4178 sum
1815 4139 1851 4179 a

1349 4213 1627 4287 sanguine
1655 4213 1785 4272 iusti

1347 4305 1515 4364 huius
1541 4324 1648 4367 uos
1675 4307 1854 4366 uideri

1348 4401 1417 4458 tis
1442 4431 1455 4445 ·
1512 4399 1629 4459 ²⁸et
1655 4402 2015 4478 respondens

2153 513 2424 572 uniuersa
2452 513 2618 572 turba

2154 607 2296 667 dixit
2319 637 2334 653 ·
2380 607 2632 684 Sanguis

2153 703 2276 761 eius
2305 719 2475 777 super
2502 719 2613 761 nos

2153 806 2213 856 et
2242 813 2416 872 super
2446 796 2595 855 filios

2155 901 2388 949 nostros
2412 920 2427 935 ·
2484 886 2529 923 ’⁸
2546 900 2684 950 tunc

2154 983 2369 1042 dimisit
2396 983 2503 1041 illis
2529 983 2636 1042 bar

2154 1078 2351 1136 abban
2374 1107 2389 1124 ·
2434 1076 2568 1135 nun
2596 1094 2673 1136 au

2153 1181 2274 1229 tem
2301 1170 2542 1247 flagellis
2569 1189 2676 1231 cae

2154 1283 2285 1323 sum
2315 1264 2550 1324 tradidit
2578 1275 2642 1324 ut

2152 1358 2580 1435 crucifigeretur
2601 1389 2616 1404 ·
2641 1390 2656 1405 ·

2152 1449 2197 1485 ¹⁷
2218 1453 2391 1511 Tunc
2421 1452 2627 1512 milites
2655 1469 2759 1530 pre

2155 1547 2295 1606 sidis
2323 1564 2566 1623 suscepe

2153 1651 2288 1700 runt
2315 1659 2450 1699 eum
2476 1637 2529 1683 in
2556 1651 2721 1718 preto

2153 1736 2242 1794 rio
2265 1766 2279 1781 ·
2323 1744 2381 1793 et
2408 1753 2632 1812 congre

2151 1838 2436 1905 gauerunt
2463 1829 2538 1887 ad
2564 1834 2640 1889 eil
2729 1818 2735 1823 ⁴

2151 1933 2336 1982 totam
2363 1922 2654 1983 cohorte-
2675 1953 2690 1969 ·

2153 2015 2196 2050 ’⁸
2211 2016 2289 2076 Et
2315 2017 2623 2076 induerunt
2649 2022 2723 2076 eii

2150 2110 2462 2171 clamidem
2490 2111 2653 2170 cocci

2151 2224 2327 2264 neam
2350 2236 2364 2251 ·
2409 2206 2627 2264 circum

2150 2298 2434 2358 dederunt
2461 2316 2597 2357 eum

2150 2402 2207 2451 et
2235 2410 2551 2471 purpurem

2150 2518 2194 2553 ²⁹
2211 2520 2290 2580 Et
2317 2538 2597 2582 coronam
2624 2521 2700 2582 de

2152 2616 2333 2693 spinis
2360 2633 2546 2692 posue

2150 2719 2286 2768 runt
2312 2727 2485 2785 super
2513 2727 2586 2769 ca

2152 2802 2274 2881 pud
2302 2804 2423 2862 eius
2446 2833 2461 2850 ·
2506 2813 2564 2863 et
2591 2803 2668 2862 ha

2150 2897 2460 2956 rundinem
2488 2898 2547 2955 in
2576 2896 2690 2958 dex

2151 2997 2239 3050 tra
2266 2991 2389 3050 eius
2412 3023 2427 3038 ·
2470 2990 2550 3050 Et
2576 2992 2655 3051 ad

2150 3085 2463 3161 geniculan

2148 3190 2236 3240 tes
2263 3197 2326 3237 se
2354 3190 2488 3266 ante
2515 3198 2653 3238 eum
2677 3212 2692 3228 ·

2150 3273 2503 3333 deludebant
2530 3285 2656 3334 eu-

2150 3367 2408 3427 dicentes
2430 3399 2445 3415 ·
2489 3368 2676 3428 hauae

2150 3480 2252 3520 rex
2281 3463 2584 3523 iudeorum
2607 3495 2623 3511 ·

2149 3555 2196 3589 ⁸⁰
2212 3555 2288 3615 Et
2316 3567 2635 3634 expuentes
2668 3558 2730 3616 in

2150 3669 2287 3709 eum
2311 3683 2325 3698 ·
2370 3662 2723 3728 acceperunt

2150 3743 2538 3803 harundinem

2149 3838 2228 3897 Et
2255 3838 2655 3915 percutiebant

2151 3931 2343 4009 capud
2370 3932 2493 3991 eius
2512 3963 2527 3979 ·
2587 3932 2630 3965 ⁸¹
2652 3930 2730 3991 Et

2149 4035 2463 4102 postquam
2490 4025 2613 4085 inlu

2150 4131 2347 4179 serunt
2375 4137 2510 4178 eum
2533 4151 2548 4166 ·
2597 4119 2689 4181 dis

2149 4213 2512 4290 poliauerunt
2538 4226 2663 4274 eu-

2149 4317 2207 4366 et
2235 4307 2544 4367 clamidem
2585 4308 2663 4369 Et

2148 4402 2459 4462 induerunt
2485 4409 2559 4463 esi

3525 361 3610 427 39

2909 510 3254 570 uestimenta
3280 509 3403 569 eius

2907 602 2986 663 Et
3013 605 3302 664 duxerunt
3326 622 3464 664 eum

2907 709 2972 757 ut
3000 698 3402 776 crucifigerent
3425 730 3440 746 ·

2907 790 2953 824 ⁸¹
2971 792 3268 852 Exeuntes
3295 804 3491 853 autem

2906 887 3255 945 inuenerunt
3282 886 3362 947 ho

2909 980 3130 1038 minem
3157 986 3410 1056 cyreneii

2910 1072 3147 1131 nomine
3176 1073 3404 1133 simone
3453 1124 3458 1127 .

2911 1164 3095 1226 Hunc
3124 1166 3436 1242 angariaue

2911 1268 3046 1318 runt
3073 1270 3137 1319 ut
3163 1259 3299 1319 tolle

2912 1362 2998 1410 ret
3025 1346 3259 1412 crucem
3284 1353 3409 1412 eius

2911 1444 2956 1478 ⁸³
2971 1444 3050 1505 Et
3075 1458 3359 1507 uenerunt
3383 1448 3445 1505 in
3471 1447 3532 1509 lo

2911 1556 3048 1599 cum
3076 1540 3175 1616 qui
3203 1539 3409 1599 dicitur

2909 1632 3187 1709 golgotha
3216 1634 3376 1710 quod

2912 1736 3000 1785 est
3027 1725 3313 1785 caluariae
3340 1726 3399 1787 lo

2910 1837 3016 1878 cus
3037 1850 3052 1865 ·
3115 1818 3160 1852 ⁸⁴
3177 1818 3255 1878 Et
3281 1820 3570 1882 dederunt

2906 1912 2959 1972 ei
2988 1914 3184 1971 bibere
3205 1924 3424 1974 acetu-

2906 2004 3036 2065 felle
3066 2006 3314 2066 mixtum
3339 2038 3355 2054 ·

2904 2097 2983 2158 Et
3009 2118 3145 2158 cum
3173 2110 3460 2177 gustasset

2901 2192 3087 2252 noluit
3112 2194 3308 2255 bibere
3329 2227 3344 2243 ·
3364 2228 3378 2243 ·

2902 2286 2948 2320 ³⁶
2966 2286 3285 2365 Postquam
3312 2301 3510 2351 autem

2901 2383 3310 2443 crucifixerunt

2902 2531 3040 2573 eum
3058 2544 3073 2560 ·
3116 2514 3435 2577 diuiserunt

2904 2606 3013 2665 sibi
3039 2609 3387 2669 uestimenta

2902 2701 3026 2760 eius
3053 2712 3267 2761 sortem
3294 2704 3401 2763 mit

2903 2803 3089 2854 tentes
3112 2825 3126 2842 ·
3171 2806 3236 2855 ut
3263 2797 3440 2874 imple

2903 2900 3057 2948 retur
3085 2890 3245 2967 quod
3273 2891 3366 2951 dic

2904 2993 3030 3042 tum
3058 2994 3146 3043 est
3170 3002 3276 3061 per
3302 3004 3411 3062 pro

2906 3076 3082 3137 fetam
3107 3109 3122 3124 ·
3168 3078 3371 3140 Diuise

2906 3181 3042 3231 runt
3073 3174 3362 3234 uestimen

2907 3275 2966 3324 ta
2992 3283 3125 3324 mea
3152 3267 3261 3325 sibi
3287 3279 3346 3327 et
3373 3286 3443 3329 su

2904 3376 3010 3437 per
3036 3370 3258 3419 uestem
3287 3374 3470 3422 mea-

2903 3454 3183 3514 miserunt
3202 3465 3404 3514 sorte*
3424 3487 3440 3503 ·

2902 3545 2947 3580 ⁸⁸
2964 3547 3042 3605 Et
3067 3547 3334 3608 sedentes
3362 3567 3532 3610 serua

2901 3640 3045 3699 bant
3071 3658 3208 3699 eum
3233 3672 3247 3688 ·
3307 3643 3351 3675 ⁸⁷
3365 3654 3425 3703 et
3452 3644 3513 3704 in

2901 3746 3217 3809 posuerunt
3244 3754 3314 3796 su

2901 3846 3006 3905 per
3034 3830 3225 3905 capud
3252 3831 3377 3891 eius

2902 3951 3142 3993 causam
3222 3936 3347 3995 eius
3376 3939 3528 4016 scrip

2901 4036 3023 4086 tam
3045 4057 3060 4073 ·
3103 4026 3197 4087 hic
3223 4039 3313 4089 est
3337 4048 3442 4090 rex

2898 4120 3203 4181 iudeorum
3224 4154 3240 4169 ·

2901 4214 2945 4246 ⁸⁸
2962 4213 3137 4276 Tunc
3165 4219 3469 4280 crucifixse

2901 4319 3037 4368 runt
3062 4328 3198 4369 cum
3224 4330 3300 4373 eo

2903 4402 3021 4464 duo
3048 4403 3302 4467 latrones

3639 518 3762 569 rol.
3773 520 3863 573 77.
