<?xml version="1.0" encoding="UTF-8"?>
<!DOCTYPE html PUBLIC "-//W3C//DTD XHTML 1.0 Transitional//EN"
    "http://www.w3.org/TR/xhtml1/DTD/xhtml1-transitional.dtd">
<html xmlns="http://www.w3.org/1999/xhtml" xml:lang="en" lang="en">
 <head>
  <title>
</title>
<meta http-equiv="Content-Type" content="text/html;charset=utf-8" />
  <meta name='ocr-system' content='tesseract 3.04.00' />
  <meta name='ocr-capabilities' content='ocr_page ocr_carea ocr_par ocr_line ocrx_word'/>
</head>
<body>
  <div class='ocr_page' id='page_1' title='image "./oldlatinbiblica00wordgoog_0294.png"; bbox 0 0 4414 4917; ppageno 0'>
   <div class='ocr_carea' id='block_1_1' title="bbox 919 2307 980 2342">
    <p class='ocr_par' dir='ltr' id='par_1_1' title="bbox 919 2307 980 2342">
     <span class='ocr_line' id='line_1_1' title="bbox 919 2307 980 2342; baseline 0.016 -1"><span class='ocrx_word' id='word_1_1' title='bbox 919 2307 980 2342; x_wconf 85' lang='lat'>10</span> 
     </span>
    </p>
   </div>
   <div class='ocr_carea' id='block_1_2' title="bbox 922 2951 978 3000">
    <p class='ocr_par' dir='ltr' id='par_1_2' title="bbox 922 2951 978 3000">
     <span class='ocr_line' id='line_1_2' title="bbox 922 2951 978 3000; baseline 0 0"><span class='ocrx_word' id='word_1_2' title='bbox 922 2951 978 3000; x_wconf 84' lang='lat'>¹5</span> 
     </span>
    </p>
   </div>
   <div class='ocr_carea' id='block_1_3' title="bbox 919 3599 984 3634">
    <p class='ocr_par' dir='ltr' id='par_1_3' title="bbox 919 3599 984 3634">
     <span class='ocr_line' id='line_1_3' title="bbox 919 3599 984 3634; baseline 0.031 -2"><span class='ocrx_word' id='word_1_3' title='bbox 919 3599 984 3634; x_wconf 82' lang='lat'>20</span> 
     </span>
    </p>
   </div>
   <div class='ocr_carea' id='block_1_4' title="bbox 1987 446 2514 507">
    <p class='ocr_par' dir='ltr' id='par_1_4' title="bbox 1987 446 2514 507">
     <span class='ocr_line' id='line_1_4' title="bbox 1987 446 2514 507; baseline 0.006 -3"><span class='ocrx_word' id='word_1_4' title='bbox 1987 446 2514 507; x_wconf 73' lang='lat' dir='ltr'><em>FRAGMENTA</em></span> 
     </span>
    </p>
   </div>
   <div class='ocr_carea' id='block_1_5' title="bbox 1419 690 3101 778">
    <p class='ocr_par' dir='ltr' id='par_1_5' title="bbox 1419 690 3101 778">
     <span class='ocr_line' id='line_1_5' title="bbox 1419 690 3101 778; baseline 0.002 -25"><span class='ocrx_word' id='word_1_5' title='bbox 1419 690 1639 756; x_wconf 82' lang='lat' dir='ltr'><em>Tertii</em></span> <span class='ocrx_word' id='word_1_6' title='bbox 1678 693 2126 774; x_wconf 83' lang='lat' dir='ltr'><em>quaternionis</em></span> <span class='ocrx_word' id='word_1_7' title='bbox 2153 693 2407 774; x_wconf 82' lang='lat' dir='ltr'><em>folium</em></span> <span class='ocrx_word' id='word_1_8' title='bbox 2450 693 2796 757; x_wconf 84' lang='lat' dir='ltr'><em>secundum</em></span> <span class='ocrx_word' id='word_1_9' title='bbox 2842 690 3101 778; x_wconf 84' lang='lat' dir='ltr'><em>(uerso).</em></span> 
     </span>
    </p>
   </div>
   <div class='ocr_carea' id='block_1_6' title="bbox 1793 900 3608 1100">
    <p class='ocr_par' dir='ltr' id='par_1_6' title="bbox 1793 900 3608 1100">
     <span class='ocr_line' id='line_1_6' title="bbox 1793 900 2718 991; baseline -0.001 -24"><span class='ocrx_word' id='word_1_10' title='bbox 1793 904 1934 968; x_wconf 86' lang='lat' dir='ltr'><strong>Fol.</strong></span> <span class='ocrx_word' id='word_1_11' title='bbox 1980 903 2168 981; x_wconf 70' lang='lat' dir='ltr'>42¹*a</span> <span class='ocrx_word' id='word_1_12' title='bbox 2216 900 2482 990; x_wconf 50' lang='lat' dir='ltr'>(Basia,</span> <span class='ocrx_word' id='word_1_13' title='bbox 2532 903 2718 991; x_wconf 80' lang='lat' dir='ltr'><strong>le.).</strong></span> 
     </span>
     <span class='ocr_line' id='line_1_7' title="bbox 3117 1018 3608 1100; baseline -0.004 -20"><span class='ocrx_word' id='word_1_14' title='bbox 3117 1018 3246 1083; x_wconf 84' lang='lat' dir='ltr'>Iac.</span> <span class='ocrx_word' id='word_1_15' title='bbox 3279 1018 3340 1082; x_wconf 92' lang='lat' dir='ltr'>ii.</span> <span class='ocrx_word' id='word_1_16' title='bbox 3380 1018 3608 1100; x_wconf 84' lang='lat'><strong>16-23.</strong></span> 
     </span>
    </p>
   </div>
   <div class='ocr_carea' id='block_1_7' title="bbox 1427 1241 3145 3910">
    <p class='ocr_par' dir='ltr' id='par_1_7' title="bbox 1427 1241 2915 1717">
     <span class='ocr_line' id='line_1_8' title="bbox 1431 1241 2741 1331; baseline 0.002 -24"><span class='ocrx_word' id='word_1_17' title='bbox 1431 1242 1759 1307; x_wconf 86' lang='lat' dir='ltr'>esacimini</span> <span class='ocrx_word' id='word_1_18' title='bbox 1809 1263 1940 1309; x_wconf 86' lang='lat' dir='ltr'>non</span> <span class='ocrx_word' id='word_1_19' title='bbox 1989 1244 2330 1327; x_wconf 84' lang='lat' dir='ltr'>ded[eritis</span> <span class='ocrx_word' id='word_1_20' title='bbox 2375 1241 2632 1331; x_wconf 86' lang='lat' dir='ltr'><strong>autem]</strong></span> <span class='ocrx_word' id='word_1_21' title='bbox 2684 1247 2741 1309; x_wconf 87' lang='lat' dir='ltr'>ei</span> 
     </span>
     <span class='ocr_line' id='line_1_9' title="bbox 1427 1372 2915 1457; baseline -0.004 -21"><span class='ocrx_word' id='word_1_22' title='bbox 1427 1392 1599 1456; x_wconf 89' lang='lat' dir='ltr'>quae</span> <span class='ocrx_word' id='word_1_23' title='bbox 1645 1372 2007 1436; x_wconf 85' lang='lat' dir='ltr'>necessaria</span> <span class='ocrx_word' id='word_1_24' title='bbox 2053 1381 2205 1436; x_wconf 86' lang='lat' dir='ltr'><strong>sunt</strong></span> <span class='ocrx_word' id='word_1_25' title='bbox 2252 1374 2546 1456; x_wconf 87' lang='lat' dir='ltr'>corporis</span> <span class='ocrx_word' id='word_1_26' title='bbox 2590 1375 2751 1457; x_wconf 85' lang='lat' dir='ltr'>quid</span> <span class='ocrx_word' id='word_1_27' title='bbox 2791 1382 2915 1445; x_wconf 75' lang='lat' dir='ltr'>prod</span> 
     </span>
     <span class='ocr_line' id='line_1_10' title="bbox 1436 1499 2907 1590; baseline 0.002 -25"><span class='ocrx_word' id='word_1_28' title='bbox 1436 1504 1561 1567; x_wconf 89' lang='lat' dir='ltr'>erit</span> <span class='ocrx_word' id='word_1_29' title='bbox 1606 1534 1621 1549; x_wconf 93' lang='lat'><strong>·</strong></span> <span class='ocrx_word' id='word_1_30' title='bbox 1715 1501 1764 1540; x_wconf 82' lang='lat'>¹⁷</span> <span class='ocrx_word' id='word_1_31' title='bbox 1792 1502 1905 1566; x_wconf 84' lang='lat' dir='ltr'>Sic</span> <span class='ocrx_word' id='word_1_32' title='bbox 1952 1512 2020 1567; x_wconf 88' lang='lat' dir='ltr'>et</span> <span class='ocrx_word' id='word_1_33' title='bbox 2065 1501 2231 1566; x_wconf 85' lang='lat' dir='ltr'>fides</span> <span class='ocrx_word' id='word_1_34' title='bbox 2274 1503 2330 1565; x_wconf 86' lang='lat' dir='ltr'>si</span> <span class='ocrx_word' id='word_1_35' title='bbox 2378 1523 2510 1567; x_wconf 90' lang='lat' dir='ltr'>non</span> <span class='ocrx_word' id='word_1_36' title='bbox 2555 1502 2757 1568; x_wconf 87' lang='lat' dir='ltr'><strong>habet</strong></span> <span class='ocrx_word' id='word_1_37' title='bbox 2805 1499 2907 1590; x_wconf 92' lang='lat' dir='ltr'>[o]</span> 
     </span>
     <span class='ocr_line' id='line_1_11' title="bbox 1439 1633 2567 1717; baseline -0.001 -20"><span class='ocrx_word' id='word_1_38' title='bbox 1439 1654 1597 1717; x_wconf 86' lang='lat' dir='ltr'>pera</span> <span class='ocrx_word' id='word_1_39' title='bbox 1644 1641 1905 1696; x_wconf 83' lang='lat' dir='ltr'>mortua</span> <span class='ocrx_word' id='word_1_40' title='bbox 1950 1643 2051 1696; x_wconf 87' lang='lat' dir='ltr'>est</span> <span class='ocrx_word' id='word_1_41' title='bbox 2097 1633 2163 1695; x_wconf 84' lang='lat' dir='ltr'>in</span> <span class='ocrx_word' id='word_1_42' title='bbox 2211 1633 2567 1716; x_wconf 88' lang='lat' dir='ltr'><strong>semetipso</strong></span> 
     </span>
    </p>

    <p class='ocr_par' dir='ltr' id='par_1_8' title="bbox 1433 1757 3145 2103">
     <span class='ocr_line' id='line_1_12' title="bbox 1435 1757 3145 1848; baseline 0 -23"><span class='ocrx_word' id='word_1_43' title='bbox 1435 1760 1484 1798; x_wconf 77' lang='lat'>¹⁸</span> <span class='ocrx_word' id='word_1_44' title='bbox 1505 1764 1622 1826; x_wconf 88' lang='lat' dir='ltr'>sed</span> <span class='ocrx_word' id='word_1_45' title='bbox 1668 1762 1830 1826; x_wconf 86' lang='lat' dir='ltr'>dicit</span> <span class='ocrx_word' id='word_1_46' title='bbox 1876 1762 2021 1843; x_wconf 86' lang='lat' dir='ltr'>quis</span> <span class='ocrx_word' id='word_1_47' title='bbox 2066 1770 2137 1825; x_wconf 90' lang='lat' dir='ltr'>tu</span> <span class='ocrx_word' id='word_1_48' title='bbox 2187 1759 2363 1825; x_wconf 75' lang='lat' dir='ltr'>fidem</span> <span class='ocrx_word' id='word_1_49' title='bbox 2413 1757 2687 1848; x_wconf 77' lang='lat' dir='ltr'><strong>[habjes</strong></span> <span class='ocrx_word' id='word_1_50' title='bbox 2732 1773 2797 1824; x_wconf 87' lang='lat' dir='ltr'>et</span> <span class='ocrx_word' id='word_1_51' title='bbox 2844 1782 2971 1844; x_wconf 85' lang='lat' dir='ltr'>ego</span> <span class='ocrx_word' id='word_1_52' title='bbox 3017 1784 3145 1845; x_wconf 84' lang='lat' dir='ltr'>ope</span> 
     </span>
     <span class='ocr_line' id='line_1_13' title="bbox 1434 1889 2798 1956; baseline 0 -2"><span class='ocrx_word' id='word_1_53' title='bbox 1434 1911 1535 1956; x_wconf 87' lang='lat' dir='ltr'>ras</span> <span class='ocrx_word' id='word_1_54' title='bbox 1580 1890 1796 1954; x_wconf 85' lang='lat' dir='ltr'>habeo</span> <span class='ocrx_word' id='word_1_55' title='bbox 1841 1892 2115 1955; x_wconf 87' lang='lat' dir='ltr'><strong>ostende</strong></span> <span class='ocrx_word' id='word_1_56' title='bbox 2163 1891 2321 1954; x_wconf 86' lang='lat' dir='ltr'>mihi</span> <span class='ocrx_word' id='word_1_57' title='bbox 2370 1889 2570 1955; x_wconf 85' lang='lat' dir='ltr'>fidem</span> <span class='ocrx_word' id='word_1_58' title='bbox 2617 1902 2798 1955; x_wconf 87' lang='lat' dir='ltr'>tuam</span> 
     </span>
     <span class='ocr_line' id='line_1_14' title="bbox 1433 2020 2774 2103; baseline -0.001 -18"><span class='ocrx_word' id='word_1_59' title='bbox 1433 2022 1573 2085; x_wconf 86' lang='lat' dir='ltr'><strong>sine</strong></span> <span class='ocrx_word' id='word_1_60' title='bbox 1618 2020 1925 2103; x_wconf 88' lang='lat' dir='ltr'>operibus</span> <span class='ocrx_word' id='word_1_61' title='bbox 1970 2031 2037 2083; x_wconf 87' lang='lat' dir='ltr'>et</span> <span class='ocrx_word' id='word_1_62' title='bbox 2082 2040 2210 2103; x_wconf 87' lang='lat' dir='ltr'>ego</span> <span class='ocrx_word' id='word_1_63' title='bbox 2255 2021 2604 2084; x_wconf 83' lang='lat' dir='ltr'>ostendam</span> <span class='ocrx_word' id='word_1_64' title='bbox 2652 2020 2774 2084; x_wconf 84' lang='lat' dir='ltr'>tibi</span> 
     </span>
    </p>

    <p class='ocr_par' dir='ltr' id='par_1_9' title="bbox 1433 2147 2607 2231">
     <span class='ocr_line' id='line_1_15' title="bbox 1433 2147 2607 2231; baseline -0.002 -18"><span class='ocrx_word' id='word_1_65' title='bbox 1433 2171 1519 2214; x_wconf 89' lang='lat' dir='ltr'>ex</span> <span class='ocrx_word' id='word_1_66' title='bbox 1567 2148 1882 2231; x_wconf 87' lang='lat' dir='ltr'>operibus</span> <span class='ocrx_word' id='word_1_67' title='bbox 1931 2149 2092 2212; x_wconf 82' lang='lat' dir='ltr'>meis</span> <span class='ocrx_word' id='word_1_68' title='bbox 2138 2147 2342 2213; x_wconf 85' lang='lat' dir='ltr'>fidem</span> <span class='ocrx_word' id='word_1_69' title='bbox 2392 2168 2607 2213; x_wconf 87' lang='lat' dir='ltr'>meam</span> 
     </span>
    </p>

    <p class='ocr_par' dir='ltr' id='par_1_10' title="bbox 1427 2276 2897 2878">
     <span class='ocr_line' id='line_1_16' title="bbox 1427 2276 2897 2365; baseline 0.001 -23"><span class='ocrx_word' id='word_1_70' title='bbox 1427 2276 1480 2315; x_wconf 83' lang='lat'>¹⁹</span> <span class='ocrx_word' id='word_1_71' title='bbox 1502 2278 1731 2342; x_wconf 84' lang='lat' dir='ltr'><strong>credes</strong></span> <span class='ocrx_word' id='word_1_72' title='bbox 1775 2278 1932 2360; x_wconf 86' lang='lat' dir='ltr'>quia</span> <span class='ocrx_word' id='word_1_73' title='bbox 1978 2298 2146 2342; x_wconf 87' lang='lat' dir='ltr'>unus</span> <span class='ocrx_word' id='word_1_74' title='bbox 2189 2289 2292 2341; x_wconf 85' lang='lat' dir='ltr'>est</span> <span class='ocrx_word' id='word_1_75' title='bbox 2338 2280 2418 2341; x_wconf 62' lang='lat' dir='ltr'>d}</span> <span class='ocrx_word' id='word_1_76' title='bbox 2464 2279 2635 2342; x_wconf 86' lang='lat' dir='ltr'><strong>benc</strong></span> <span class='ocrx_word' id='word_1_77' title='bbox 2680 2277 2897 2365; x_wconf 84' lang='lat' dir='ltr'>(sacis)</span> 
     </span>
     <span class='ocr_line' id='line_1_17' title="bbox 1434 2409 2604 2474; baseline 0 -1"><span class='ocrx_word' id='word_1_78' title='bbox 1434 2417 1501 2473; x_wconf 88' lang='lat' dir='ltr'>et</span> <span class='ocrx_word' id='word_1_79' title='bbox 1546 2409 1903 2473; x_wconf 82' lang='lat' dir='ltr'>daemones</span> <span class='ocrx_word' id='word_1_80' title='bbox 1948 2409 2223 2474; x_wconf 88' lang='lat' dir='ltr'><strong>credunt</strong></span> <span class='ocrx_word' id='word_1_81' title='bbox 2267 2417 2334 2473; x_wconf 86' lang='lat' dir='ltr'>et</span> <span class='ocrx_word' id='word_1_82' title='bbox 2379 2417 2604 2473; x_wconf 86' lang='lat' dir='ltr'>contre</span> 
     </span>
     <span class='ocr_line' id='line_1_18' title="bbox 1438 2537 2788 2603; baseline 0.001 -2"><span class='ocrx_word' id='word_1_83' title='bbox 1438 2548 1735 2603; x_wconf 83' lang='lat' dir='ltr'><strong>mescunt</strong></span> <span class='ocrx_word' id='word_1_84' title='bbox 1784 2572 1799 2586; x_wconf 95' lang='lat'><strong>·</strong></span> <span class='ocrx_word' id='word_1_85' title='bbox 1890 2538 1941 2574; x_wconf 71' lang='lat'>‘⁴⁰</span> <span class='ocrx_word' id='word_1_86' title='bbox 1966 2537 2087 2602; x_wconf 88' lang='lat' dir='ltr'>Uis</span> <span class='ocrx_word' id='word_1_87' title='bbox 2132 2549 2357 2602; x_wconf 88' lang='lat' dir='ltr'>autem</span> <span class='ocrx_word' id='word_1_88' title='bbox 2405 2538 2570 2602; x_wconf 88' lang='lat' dir='ltr'>scire</span> <span class='ocrx_word' id='word_1_89' title='bbox 2615 2561 2656 2602; x_wconf 92' lang='lat' dir='ltr'>o</span> <span class='ocrx_word' id='word_1_90' title='bbox 2701 2539 2788 2602; x_wconf 90' lang='lat' dir='ltr'>ho</span> 
     </span>
     <span class='ocr_line' id='line_1_19' title="bbox 1439 2665 2745 2750; baseline 0.001 -21"><span class='ocrx_word' id='word_1_91' title='bbox 1439 2686 1551 2730; x_wconf 88' lang='lat' dir='ltr'>mo</span> <span class='ocrx_word' id='word_1_92' title='bbox 1596 2665 1810 2730; x_wconf 87' lang='lat' dir='ltr'>inanis</span> <span class='ocrx_word' id='word_1_93' title='bbox 1856 2666 2172 2747; x_wconf 87' lang='lat' dir='ltr'>quoniam</span> <span class='ocrx_word' id='word_1_94' title='bbox 2222 2665 2387 2730; x_wconf 86' lang='lat' dir='ltr'>fides</span> <span class='ocrx_word' id='word_1_95' title='bbox 2429 2667 2570 2731; x_wconf 78' lang='lat' dir='ltr'>sine</span> <span class='ocrx_word' id='word_1_96' title='bbox 2616 2688 2745 2750; x_wconf 88' lang='lat' dir='ltr'>ope</span> 
     </span>
     <span class='ocr_line' id='line_1_20' title="bbox 1437 2793 2697 2878; baseline 0.002 -20"><span class='ocrx_word' id='word_1_97' title='bbox 1437 2794 1617 2858; x_wconf 88' lang='lat' dir='ltr'>ribus</span> <span class='ocrx_word' id='word_1_98' title='bbox 1661 2795 1875 2860; x_wconf 89' lang='lat' dir='ltr'>otiosa</span> <span class='ocrx_word' id='word_1_99' title='bbox 1920 2805 2020 2858; x_wconf 87' lang='lat' dir='ltr'>est</span> <span class='ocrx_word' id='word_1_100' title='bbox 2067 2827 2082 2844; x_wconf 92' lang='lat'><strong>·</strong></span> <span class='ocrx_word' id='word_1_101' title='bbox 2172 2793 2225 2831; x_wconf 84' lang='lat'>²¹</span> <span class='ocrx_word' id='word_1_102' title='bbox 2248 2794 2566 2860; x_wconf 84' lang='lat' dir='ltr'>abraham</span> <span class='ocrx_word' id='word_1_103' title='bbox 2614 2817 2697 2878; x_wconf 88' lang='lat' dir='ltr'>pa</span> 
     </span>
    </p>

    <p class='ocr_par' dir='ltr' id='par_1_11' title="bbox 1435 2925 2749 3764">
     <span class='ocr_line' id='line_1_21' title="bbox 1435 2925 2674 3007; baseline 0 -19"><span class='ocrx_word' id='word_1_104' title='bbox 1435 2935 1536 2988; x_wconf 88' lang='lat' dir='ltr'>ter</span> <span class='ocrx_word' id='word_1_105' title='bbox 1582 2934 1806 2989; x_wconf 84' lang='lat' dir='ltr'>noster</span> <span class='ocrx_word' id='word_1_106' title='bbox 1851 2945 1982 2987; x_wconf 87' lang='lat' dir='ltr'>non</span> <span class='ocrx_word' id='word_1_107' title='bbox 2030 2945 2117 2988; x_wconf 88' lang='lat' dir='ltr'>ex</span> <span class='ocrx_word' id='word_1_108' title='bbox 2163 2925 2475 3007; x_wconf 86' lang='lat' dir='ltr'>operibus</span> <span class='ocrx_word' id='word_1_109' title='bbox 2523 2925 2674 2990; x_wconf 86' lang='lat' dir='ltr'>iusti</span> 
     </span>
     <span class='ocr_line' id='line_1_22' title="bbox 1440 3048 2690 3139; baseline 0.001 -24"><span class='ocrx_word' id='word_1_110' title='bbox 1440 3048 1741 3139; x_wconf 87' lang='lat' dir='ltr'>fi[ca]tus</span> <span class='ocrx_word' id='word_1_111' title='bbox 1787 3062 1888 3117; x_wconf 83' lang='lat' dir='ltr'>est</span> <span class='ocrx_word' id='word_1_112' title='bbox 1934 3053 2216 3118; x_wconf 86' lang='lat' dir='ltr'><strong>offerens</strong></span> <span class='ocrx_word' id='word_1_113' title='bbox 2263 3054 2437 3118; x_wconf 82' lang='lat' dir='ltr'>isaac</span> <span class='ocrx_word' id='word_1_114' title='bbox 2482 3052 2690 3116; x_wconf 86' lang='lat' dir='ltr'>filium</span> 
     </span>
     <span class='ocr_line' id='line_1_23' title="bbox 1438 3180 2749 3266; baseline 0 -20"><span class='ocrx_word' id='word_1_115' title='bbox 1438 3193 1620 3266; x_wconf 80' lang='lat' dir='ltr'><em>super</em></span> <span class='ocrx_word' id='word_1_116' title='bbox 1664 3181 1870 3247; x_wconf 86' lang='lat' dir='ltr'>altare</span> <span class='ocrx_word' id='word_1_117' title='bbox 1916 3180 1970 3219; x_wconf 79' lang='lat'>²²</span> <span class='ocrx_word' id='word_1_118' title='bbox 1995 3183 2182 3247; x_wconf 83' lang='lat' dir='ltr'>uides</span> <span class='ocrx_word' id='word_1_119' title='bbox 2225 3184 2538 3265; x_wconf 86' lang='lat' dir='ltr'>quoniam</span> <span class='ocrx_word' id='word_1_120' title='bbox 2588 3182 2749 3247; x_wconf 87' lang='lat' dir='ltr'>fides</span> 
     </span>
     <span class='ocr_line' id='line_1_24' title="bbox 1435 3311 2620 3393; baseline -0.001 -18"><span class='ocrx_word' id='word_1_121' title='bbox 1435 3321 1801 3391; x_wconf 85' lang='lat' dir='ltr'>cooperatur</span> <span class='ocrx_word' id='word_1_122' title='bbox 1846 3312 2154 3393; x_wconf 85' lang='lat' dir='ltr'>operibus</span> <span class='ocrx_word' id='word_1_123' title='bbox 2200 3311 2373 3375; x_wconf 89' lang='lat' dir='ltr'><strong>illius</strong></span> <span class='ocrx_word' id='word_1_124' title='bbox 2418 3323 2485 3375; x_wconf 89' lang='lat' dir='ltr'>et</span> <span class='ocrx_word' id='word_1_125' title='bbox 2532 3333 2620 3375; x_wconf 84' lang='lat' dir='ltr'>ex</span> 
     </span>
     <span class='ocr_line' id='line_1_25' title="bbox 1437 3438 2648 3524; baseline 0 -20"><span class='ocrx_word' id='word_1_126' title='bbox 1437 3440 1731 3523; x_wconf 83' lang='lat' dir='ltr'>operibus</span> <span class='ocrx_word' id='word_1_127' title='bbox 1779 3440 1942 3505; x_wconf 88' lang='lat' dir='ltr'>fides</span> <span class='ocrx_word' id='word_1_128' title='bbox 1988 3451 2445 3505; x_wconf 86' lang='lat' dir='ltr'>consummata</span> <span class='ocrx_word' id='word_1_129' title='bbox 2491 3438 2648 3524; x_wconf 88' lang='lat' dir='ltr'>(est)</span> 
     </span>
     <span class='ocr_line' id='line_1_26' title="bbox 1439 3569 2654 3654; baseline -0.002 -20"><span class='ocrx_word' id='word_1_130' title='bbox 1439 3569 1808 3651; x_wconf 75' lang='lat' dir='ltr'>2³supp1eta</span> <span class='ocrx_word' id='word_1_131' title='bbox 1855 3580 1957 3636; x_wconf 86' lang='lat' dir='ltr'>est</span> <span class='ocrx_word' id='word_1_132' title='bbox 2001 3570 2325 3654; x_wconf 86' lang='lat' dir='ltr'>scriptura</span> <span class='ocrx_word' id='word_1_133' title='bbox 2368 3570 2593 3635; x_wconf 87' lang='lat' dir='ltr'>dicens</span> <span class='ocrx_word' id='word_1_134' title='bbox 2641 3603 2654 3617; x_wconf 93' lang='lat'><strong>·</strong></span> 
     </span>
     <span class='ocr_line' id='line_1_27' title="bbox 1436 3699 2478 3764; baseline 0.001 -3"><span class='ocrx_word' id='word_1_135' title='bbox 1436 3699 1710 3764; x_wconf 83' lang='lat' dir='ltr'>credidit</span> <span class='ocrx_word' id='word_1_136' title='bbox 1755 3709 1977 3764; x_wconf 84' lang='lat' dir='ltr'>autem</span> <span class='ocrx_word' id='word_1_137' title='bbox 2024 3700 2340 3764; x_wconf 78' lang='lat' dir='ltr'>abraham</span> <span class='ocrx_word' id='word_1_138' title='bbox 2389 3700 2478 3763; x_wconf 83' lang='lat' dir='ltr'>d6</span> 
     </span>
    </p>

    <p class='ocr_par' dir='ltr' id='par_1_12' title="bbox 1442 3825 2637 3910">
     <span class='ocr_line' id='line_1_28' title="bbox 1442 3825 2637 3910; baseline -0.003 -19"><span class='ocrx_word' id='word_1_139' title='bbox 1442 3836 1508 3891; x_wconf 85' lang='lat' dir='ltr'>et</span> <span class='ocrx_word' id='word_1_140' title='bbox 1546 3837 1926 3910; x_wconf 83' lang='lat' dir='ltr'>reputatum</span> <span class='ocrx_word' id='word_1_141' title='bbox 1975 3836 2073 3891; x_wconf 85' lang='lat' dir='ltr'>est</span> <span class='ocrx_word' id='word_1_142' title='bbox 2120 3825 2211 3891; x_wconf 87' lang='lat' dir='ltr'><strong>illi</strong></span> <span class='ocrx_word' id='word_1_143' title='bbox 2258 3827 2343 3890; x_wconf 87' lang='lat' dir='ltr'>ad</span> <span class='ocrx_word' id='word_1_144' title='bbox 2394 3829 2637 3891; x_wconf 60' lang='lat' dir='ltr'>iustitia</span> 
     </span>
    </p>
   </div>
   <div class='ocr_carea' id='block_1_8' title="bbox 1440 3955 2477 4039">
    <p class='ocr_par' dir='ltr' id='par_1_13' title="bbox 1440 3955 2477 4039">
     <span class='ocr_line' id='line_1_29' title="bbox 1440 3955 2477 4039; baseline 0 -19"><span class='ocrx_word' id='word_1_145' title='bbox 1440 3965 1506 4020; x_wconf 81' lang='lat' dir='ltr'>et</span> <span class='ocrx_word' id='word_1_146' title='bbox 1546 3956 1799 4020; x_wconf 82' lang='lat' dir='ltr'><strong>amicus</strong></span> <span class='ocrx_word' id='word_1_147' title='bbox 1847 3958 1913 4020; x_wconf 81' lang='lat' dir='ltr'>di</span> <span class='ocrx_word' id='word_1_148' title='bbox 1959 3955 2333 4039; x_wconf 83' lang='lat' dir='ltr'>appellatus</span> <span class='ocrx_word' id='word_1_149' title='bbox 2378 3965 2477 4020; x_wconf 89' lang='lat' dir='ltr'>est</span> 
     </span>
    </p>
   </div>
  </div>
 </body>
</html>
