4414 4917
843 2331 905 2367 10

837 2976 895 3025 15

835 3620 898 3657 20

1775 473 2098 531 UJNDOB
2106 473 2479 531 ONENSJA
2536 465 2622 553 (s)

3467 488 3540 549 ¹5

1343 718 1576 782 Primi
1616 720 2065 800 quaternionis
2090 718 2341 801 solium
2388 718 2732 805 septimum
2783 716 3023 804 (recto).

1735 929 1874 993 Fol.
1922 944 2066 1009 503„
2112 929 2375 1013 (Belua,
2446 927 2633 1014 Wh.).

1354 1142 1616 1207 (2sslcum
1667 1146 1954 1208 uenisset
1999 1145 2279 1228 agrippa
2326 1156 2396 1209 et
2445 1145 2708 1208 bernice

1351 1293 1501 1337 cum
1553 1273 1762 1336 multa
1807 1274 2170 1338 ambitione
2217 1284 2284 1337 et
2332 1274 2527 1337 introi

1355 1402 1560 1466 issent
1610 1403 1676 1465 in
1721 1403 2123 1467 auditorium
2171 1423 2322 1465 cum
2371 1402 2547 1465 tribu

1355 1532 1455 1595 nis
1501 1541 1570 1596 et
1616 1532 1768 1597 uiris
1813 1531 2220 1614 principibus
2267 1531 2554 1595 ciuitatis
2603 1532 2700 1593 ius

1361 1660 1446 1725 sit
1496 1660 1700 1723 festus
1747 1660 1987 1725 adduci
2038 1660 2310 1742 paulum
2358 1657 2411 1695 ²⁴
2435 1655 2534 1747 [et
2581 1656 2703 1746 ait]

1353 1790 1558 1854 festus
1607 1825 1620 1838 ·
1667 1791 1947 1874 agrippa
1997 1811 2114 1853 rex
2164 1799 2232 1853 et
2278 1809 2509 1887 omnes
2555 1790 2667 1872 qui

1352 1919 1600 1983 adestis
1649 1920 1994 1982 nobiscum
2044 1919 2163 1981 uiri
2215 1918 2455 1981 uidetis
2501 1918 2675 1982 hunc

1358 2048 1444 2110 de
1490 2068 1623 2129 quo
1671 2048 1979 2111 uniuersa
2027 2047 2387 2112 multitudo
2434 2048 2627 2110 iudae

1352 2197 1537 2240 orum
1586 2178 1749 2240 adiit
1797 2197 1903 2240 me
1949 2176 2411 2259 hierosolymis
2457 2187 2523 2240 et
2570 2176 2672 2238 hic

1351 2305 1714 2370 clamantes
1762 2327 1893 2369 non
1941 2316 2206 2388 oportet
2254 2305 2439 2368 illum

1355 2433 1580 2498 uiuere
1627 2436 1910 2519 amplius
1956 2433 2008 2472 ²⁶
2032 2456 2159 2519 ego
2207 2456 2363 2499 uero
2409 2455 2559 2498 cum

1354 2562 1972 2646 depraehendissem
2021 2563 2204 2627 illum
2254 2574 2322 2627 et
2370 2563 2530 2625 nihil

1359 2703 1575 2756 morte
1620 2692 1895 2776 dignum
1944 2713 2241 2777 gessesse
2289 2693 2413 2755 hoc
2464 2693 2610 2775 ipso

1354 2833 1577 2887 autem
1624 2822 2000 2905 appellante
2044 2833 2400 2904 augustum
2450 2822 2514 2884 iu

1355 2951 1570 3014 dicaui
1620 2951 2012 3016 mittendum
2064 2986 2076 2999 ·
2128 2950 2178 2988 ²⁶
2203 2951 2291 3014 de
2336 2971 2469 3033 quo
2515 2951 2675 3033 quid

1356 3090 1608 3144 certum
1656 3080 1937 3143 scribam
1986 3081 2262 3143 domino
2311 3100 2439 3142 non

1353 3208 1569 3273 habeo
1614 3209 1898 3291 ideoque
1946 3209 2229 3292 produxi
2276 3207 2458 3270 illum

1357 3338 1442 3401 ad
1494 3358 1612 3401 uos
1658 3348 1726 3401 et
1776 3338 2072 3400 maxime
2118 3337 2201 3401 ad
2254 3348 2320 3401 te
2369 3358 2485 3401 rex
2535 3359 2573 3400 a

1352 3467 1586 3550 grippa
1635 3502 1648 3516 ·
1699 3478 1772 3531 ut
1819 3468 2334 3549 interrogatione

1351 3595 1526 3658 sacta
1571 3595 1854 3659 habeam
1903 3595 2079 3677 quod
2129 3595 2416 3657 scribam
2462 3592 2512 3630 ²⁷
2536 3595 2597 3655 in

1352 3721 1620 3806 (iustum
1670 3724 1842 3787 enim
1894 3721 2080 3808 mihi)
2129 3724 2390 3786 uidetur
2439 3722 2701 3785 mittere

1353 3852 1643 3918 uinctum
1692 3862 1756 3915 et
1805 3853 1941 3915 eius
1989 3872 2219 3915 causas
2266 3871 2394 3914 non
2441 3851 2611 3930 signi

2743 1042 2896 1105 Act.
2923 1063 3084 1105 xxv.
3123 1042 3436 1124 23-xxvi.
3482 1060 3531 1103 1.
