4414 4917
304 470 438 522 rol.
452 471 543 521 58.

586 307 720 355 XXI.
743 300 971 368 21-43.]

1339 434 1647 520 Credidiiis
1680 457 1760 518 illi
1782 490 1797 505 ·

1338 551 1383 586 ’⁶
1403 553 1462 611 Si
1491 563 1687 613 autem
1715 552 1900 612 dixeri

1339 665 1472 708 mus
1499 667 1573 707 ex
1601 647 1891 707 hominib‘⁸
1907 676 1923 693 ·

1339 741 1613 802 timemus
1641 743 1809 800 turba
1829 772 1843 787 ·

1344 834 1571 895 Omnes
1597 836 1754 895 enim
1784 835 1935 894 habe

1341 930 1484 988 bant
1511 929 1828 989 iohannem

1342 1023 1492 1082 sicut
1516 1023 1801 1100 profetam
1825 1055 1841 1069 ·

1343 1117 1388 1151 ²⁷
1404 1117 1482 1176 Et
1508 1117 1930 1195 respondentes

585 464 714 525 dioo
740 463 915 523 uobis
934 493 948 509 ·
993 461 1041 520 si
1071 479 1108 520 a

585 558 824 619 bueritis
851 555 1029 616 fidem
1048 586 1064 601 ·

586 663 643 713 et
671 670 792 714 non
820 650 1084 710 hesitaue

584 746 705 806 ritis
727 777 744 792 ·
788 763 909 805 non
938 742 1066 803 solu

588 839 658 898 de
688 837 936 897 ficulnea
965 835 1079 895 faci

587 933 692 992 etis
715 963 730 978 ·
777 930 895 990 Sed
921 940 982 989 et
1010 930 1058 988 si

588 1026 773 1086 monti
801 1024 935 1084 huic
966 1023 1067 1083 dix

589 1119 771 1178 seritis
797 1116 929 1178 tolle
958 1126 1017 1176 et

587 1213 739 1271 iacta
766 1221 821 1270 te
850 1211 909 1269 in
938 1228 1099 1269 mare
1344 1210 1443 1270 ihu
1470 1212 1739 1271 dixerunt

589 1305 687 1364 fiet
709 1335 724 1351 ·
784 1301 905 1364 ”Et
931 1304 1132 1364 omnia
1345 1306 1637 1365 nescimus
1659 1337 1675 1352 ·
1716 1316 1775 1366 et
1802 1306 1863 1382 ip

588 1415 989 1476 quaecumque
1016 1416 1094 1474 pe
1344 1417 1404 1458 se
1434 1400 1512 1458 ait
1536 1399 1644 1458 illis
1662 1431 1677 1446 ·

588 1493 787 1553 tieritis
816 1493 877 1551 in
898 1490 1046 1552 orati
1343 1511 1453 1554 nec
1482 1512 1601 1571 ego
1628 1494 1802 1553 uobis
1832 1493 1890 1552 di

591 1605 699 1646 one
734 1585 1039 1645 credentes
1344 1606 1418 1647 co
1446 1587 1507 1646 in
1535 1606 1654 1666 qua
1681 1597 1910 1664 potesta

590 1680 883 1756 accipietis
906 1709 920 1726 ·
1343 1692 1401 1741 te
1429 1682 1576 1742 haec
1607 1682 1758 1741 facio
1776 1706 1879 1733 ur

590 1772 632 1806 ¹³
648 1773 725 1834 Et
753 1791 890 1833 cum
917 1772 1174 1832 uenisset
1203 1770 1262 1829 in
1294 1774 1324 1809 *
1346 1774 1388 1809 ²⁸
1407 1776 1569 1850 Quid
1597 1786 1791 1836 autem
1817 1794 1898 1837 uo

590 1867 867 1943 templum
887 1896 901 1913 ·
954 1883 1129 1925 acces
1295 1869 1325 1902 ¹⁸²
1344 1872 1430 1931 bis
1457 1872 1684 1931 uidetur
1703 1902 1802 1917 ·—

591 1971 785 2021 serunt
803 1960 880 2019 ad
910 1977 1045 2019 eum
1295 1964 1324 1998 *
1345 1965 1526 2025 homo
1553 1964 1793 2042 quidam
1821 1963 1898 2024 ha

591 2055 895 2115 docentem
919 2085 935 2101 ·
976 2049 1109 2131 prin
1295 2058 1325 2091 ¹⁸²
1347 2060 1520 2119 bebat
1549 2059 1697 2118 duos
1727 2057 1804 2116 fili

592 2150 747 2227 cipes
775 2147 1021 2207 sacerdo
1295 2152 1325 2187 *
1346 2172 1414 2214 os
1433 2186 1447 2200 ·
1491 2164 1548 2214 et
1576 2153 1867 2213 accedens

592 2253 709 2301 tum
738 2252 796 2301 et
824 2241 1083 2301 seniores
1344 2247 1419 2307 ad
1446 2248 1701 2326 primum
1728 2246 1871 2306 dixit

591 2336 791 2414 populi
818 2335 1073 2394 dicentes
1095 2365 1110 2380 ·

593 2471 650 2529 in
678 2489 795 2549 qua
823 2480 1106 2548 potestate

592 2564 734 2625 haec
761 2564 905 2624 facis
928 2595 942 2611 ·
986 2574 1046 2624 et
1071 2564 1200 2640 quis

590 2658 687 2717 tibi
715 2657 876 2717 dedit
903 2656 1057 2716 hanc
1087 2674 1167 2734 po

1342 2475 1450 2535 Fili
1477 2476 1629 2536 uade
1658 2475 1791 2536 odie
1821 2493 1938 2553 ope

1340 2588 1467 2628 rare
1496 2588 1557 2628 m
1583 2587 1819 2629 uineam
1838 2601 1852 2616 ·

1340 2661 1383 2697 ²⁹
1404 2664 1498 2723 ille
1525 2675 1719 2724 autem
1750 2680 1966 2741 respon

591 2760 855 2812 testatem
874 2782 889 2798 ·
912 2785 926 2799 ·
993 2749 1038 2785 ²⁴
1057 2750 1179 2812 Res
1341 2758 1489 2818 dens
1518 2758 1596 2816 ait
1622 2756 1761 2817 nolo
1780 2789 1794 2803 ·

590 2845 856 2921 pendens
884 2856 1080 2905 autem
1342 2851 1552 2912 Postea
1580 2860 1776 2911 autem
1804 2869 1917 2929 pae

592 2939 677 2998 ihs
705 2940 848 2998 dixit
876 2939 985 2998 illis
1007 2970 1022 2986 ·
1066 2940 1126 2999 in
1342 2947 1581 3006 nitentia
1609 2956 1805 3005 motus

591 3034 901 3110 terrogabo
929 3051 1039 3094 uos
1342 3040 1479 3098 abiit
1496 3070 1510 3085 ·
1561 3039 1607 3072 ³⁰
1625 3039 1701 3097 Et
1729 3039 2019 3099 accedens

1342 3132 1416 3191 ad
1445 3132 1690 3192 alterum
1718 3133 1864 3192 dixit

1343 3225 1599 3287 similiter
1618 3258 1632 3274 ·
1683 3228 1763 3287 At
1791 3226 1883 3286 ille

1342 3321 1706 3398 respondens
1734 3322 1811 3380 ait
1829 3352 1844 3368 ·

1344 3432 1419 3474 eo
1446 3414 1568 3474 diio
1587 3445 1602 3461 ·
1645 3425 1704 3474 et
1731 3433 1855 3475 non
1881 3413 1944 3473 iit
1961 3445 1977 3460 ·

1343 3506 1385 3541 ⁸¹
1404 3508 1553 3581 Quis
1583 3527 1656 3568 ex
1688 3509 1916 3570 duobus
1944 3507 1999 3569 fe

1343 3602 1421 3662 cit
1447 3602 1813 3662 uoluntatem

1341 3696 1521 3773 patris
1544 3727 1559 3742 ·
1603 3696 1804 3755 dicunt

1341 3791 1393 3850 ei
1417 3821 1432 3836 ·
1475 3789 1696 3866 primus
1721 3821 1735 3835 ·
1779 3788 1917 3849 dicit

1341 3882 1447 3942 illis
1475 3883 1600 3943 ihs·
1644 3882 1841 3942 Amen
1871 3882 1930 3942 di

1342 3995 1415 4036 co
1442 3977 1644 4036 uobis·
1688 3976 1851 4053 quod

1340 4070 1637 4147 puplicani
1668 4080 1725 4128 et
1755 4088 1849 4131 me

1341 4164 1576 4223 retrices
1603 4181 1779 4241 prece

1343 4256 1488 4316 dunt
1515 4275 1623 4317 uos
1650 4257 1712 4315 in
1739 4276 1845 4335 reg

592 3137 647 3185 et
672 3144 787 3204 ego
812 3127 1060 3187 uerbum

591 3237 768 3278 unum
857 3221 1019 3298 quod
1052 3220 1102 3281 si

591 3313 839 3374 dixeritis
867 3314 1009 3373 mihi
1030 3345 1044 3361 ·

589 3416 643 3465 et
668 3426 782 3484 ego
808 3409 980 3469 uobis

588 3500 723 3560 dico
792 3501 853 3560 in
880 3520 998 3578 qua
1024 3510 1193 3580 potes

589 3604 703 3654 tate
731 3594 877 3655 haec
905 3596 1059 3656 facio
1084 3626 1099 3642 ·

586 3687 632 3721 ²⁶
649 3688 952 3766 Baptisma
978 3686 1250 3751 iohannis

587 3782 743 3842 unde
772 3793 896 3842 erat
918 3815 933 3831 ·
978 3785 1051 3843 de
1080 3802 1152 3844 ce

589 3874 647 3933 lo
714 3894 792 3935 an
820 3894 894 3935 ex
923 3876 1146 3937 homini

588 3969 696 4029 bus
720 4001 734 4017 ·
779 3971 858 4030 At
885 3970 965 4029 illi
993 3972 1128 4048 cogi

590 4064 788 4123 tabant
814 4065 963 4124 inter
991 4083 1052 4125 se
1082 4065 1142 4124 di

592 4167 820 4217 centes·
868 4157 931 4217 Si
960 4158 1146 4217 dixeri

591 4267 717 4310 mus
744 4251 817 4311 de
848 4251 976 4310 celo
1007 4253 1160 4312 dicet

593 4345 753 4406 nobis
776 4363 956 4424 quare
987 4364 1108 4407 non

1847 277 2355 348 MATTHEU·

2150 474 2231 517 no
2260 457 2320 515 di
2341 488 2355 503 ·
2399 452 2444 488 ³²
2461 454 2641 515 Uenit
2666 461 2764 515 eni

2152 549 2228 609 ad
2257 567 2366 611 uos
2395 549 2679 610 iohannes
2699 579 2715 597 ·

2149 644 2211 703 in
2239 645 2335 702 uia
2363 644 2606 703 iustitiae
2630 674 2647 691 ·

2128 736 2209 797 'et
2236 757 2357 797 non
2387 737 2635 798 credidis

2150 833 2222 891 tis
2249 833 2329 891 illi
2349 862 2363 878 ·
2407 832 2642 911 puplica

2150 927 2209 985 ni
2239 938 2437 985 autem
2463 937 2520 986 et
2548 944 2645 987 me

2148 1021 2382 1079 retrices
2411 1020 2568 1080 credi

2150 1113 2359 1173 derunt
2386 1114 2439 1173 ei
2461 1145 2476 1161 ·
2520 1112 2649 1173 Uos

2148 1217 2347 1268 autem
2373 1207 2640 1286 uidentes

2149 1321 2261 1361 nec
2289 1303 2664 1379 penitentiam

2148 1396 2348 1474 egistis
2378 1406 2585 1473 postea

2150 1489 2406 1549 crederei
2427 1521 2443 1537 ·
2469 1523 2483 1538 ·

2149 1580 2194 1617 ³³
2212 1584 2404 1642 Aliam
2435 1585 2777 1661 parabolam

2151 1676 2341 1736 audite
2361 1708 2376 1724 ·
2421 1677 2603 1739 homo

2151 1781 2276 1831 erat
2304 1782 2465 1848 pater
2493 1772 2631 1832 sami

2150 1864 2255 1925 lias
2284 1866 2384 1943 qui
2411 1865 2611 1943 planta

2151 1961 2234 2019 uit
2254 1961 2485 2019 uineam
2553 1971 2610 2021 et
2640 1978 2703 2021 se

2151 2073 2225 2132 pe
2257 2053 2637 2114 circumdedit

2151 2149 2205 2207 ei
2227 2180 2241 2195 ·
2284 2159 2343 2207 et
2371 2146 2514 2207 fodit
2541 2148 2602 2206 in
2629 2167 2700 2209 ea

2152 2241 2404 2302 torcular
2421 2272 2437 2288 ·
2479 2252 2537 2301 et
2563 2242 2658 2302 edi

2151 2469 2349 2530 ficauit
2374 2481 2592 2532 turrem
2613 2503 2627 2520 ·

2150 2576 2210 2625 et
2239 2565 2454 2625 locauit
2481 2585 2613 2627 eam
2644 2565 2779 2628 colo

2150 2659 2241 2718 nis
2310 2669 2370 2719 et
2397 2679 2641 2738 peregre

2149 2753 2448 2830 profectus
2477 2764 2605 2814 est·

2148 2848 2193 2880 ⁸⁴
2212 2847 2367 2907 Cum
2394 2858 2589 2908 autem
2617 2849 2807 2927 adpro

2149 2941 2368 3017 piasset
2394 2952 2625 3020 tempus

2148 3034 2441 3095 fructuum
2462 3067 2475 3082 ·
2520 3036 2675 3095 misit

2150 3147 2353 3190 seruos
2380 3147 2517 3190 suos
2547 3131 2729 3206 adeo

2147 3221 2352 3282 lonos·
2397 3233 2460 3283 ut
2487 3225 2691 3302 accipe

2149 3325 2237 3376 ret
2264 3316 2337 3377 de
2364 3317 2645 3378 fructibus

2149 3411 2272 3470 suis
2291 3441 2306 3457 ·
2370 3410 2489 3471 ³“et
2517 3412 2714 3473 coloni

2149 3504 2567 3582 adpraehensis
2595 3525 2687 3566 ser

2147 3600 2237 3659 uis
2261 3631 2276 3647 ·
2320 3618 2507 3659 unum
2536 3602 2662 3660 ceci

2148 3693 2357 3753 derunt
2375 3725 2391 3740 ·
2435 3695 2617 3754 alium

2146 3788 2552 3865 lapidauerunt
2574 3820 2588 3835 ·

2147 3883 2327 3942 alium
2359 3899 2503 3942 uero
2531 3881 2739 3942 occide

2146 3986 2317 4034 runt·
2376 3976 2420 4010 ³⁶
2435 3977 2655 4036 Iterum

2148 4071 2303 4129 misit
2331 4070 2474 4130 alios
2502 4070 2699 4148 plures

2027 4241 2043 4249 -
2147 4164 2433 4242 prioribus
2454 4195 2469 4213 ·
2512 4175 2570 4226 et
2597 4164 2652 4224 fe

2151 4269 2355 4318 cerunt
2381 4259 2489 4319 illis
2517 4259 2775 4320 similiter

3523 304 3607 368 29

2904 454 2949 488 ⁸⁷
2968 453 3305 517 Nouissime
3334 467 3532 518 autem
3636 470 3762 520 roi.
3788 471 3881 523 5⁷.

2904 550 3060 609 misit
3087 552 3163 611 ad
3191 551 3324 611 illos
3352 552 3431 610 fili

2903 661 3006 702 um
3035 662 3208 704 suum
3235 645 3436 706 dicens
3453 677 3470 694 ·

2904 740 3259 799 uerebuntur
3287 740 3368 799 fili

2902 849 3005 890 um
3034 850 3233 892 meum
3255 865 3270 880 ·
3313 833 3357 867 ³⁸
3379 833 3535 895 Colo

2904 926 2963 983 ni
2992 934 3185 986 autem
3212 927 3390 987 uiden

2902 1030 2991 1079 tes
3020 1020 3201 1079 filium
3228 1021 3365 1083 dixe

2903 1124 3036 1172 runt
3064 1114 3213 1174 intra
3240 1133 3305 1177 se

2904 1206 3023 1268 Hic
3054 1218 3142 1268 est
3170 1209 3370 1269 heres·
3426 1228 3504 1271 ue

2904 1303 3022 1362 nite
3051 1303 3389 1365 occidamus

2902 1414 3040 1456 eum
3065 1429 3079 1444 ·
3124 1408 3181 1457 et
3207 1400 3407 1475 optine

2905 1509 3072 1550 amus
3099 1492 3416 1554 hereditate

2903 1586 3027 1646 eius
3051 1617 3065 1633 ·
3107 1587 3152 1620 ³⁹
3168 1597 3228 1647 et
3255 1588 3473 1670 adprae
3579 1637 3588 1645 .

2905 1679 3153 1739 hensum
3179 1699 3317 1740 eum
3344 1682 3436 1742 eie

2903 1783 3107 1834 cerunt
3132 1786 3295 1835 extra
3320 1778 3381 1835 ui

2903 1886 3075 1926 neam
3101 1878 3160 1928 et
3185 1868 3394 1930 occide

2903 1972 3036 2021 runt
3057 1995 3070 2009 ·
3095 1995 3107 2009 ·
3133 1994 3147 2009 ·
3212 1964 3258 1996 ⁴⁰
3276 1963 3431 2023 Cum
3460 1983 3524 2025 er

2903 2073 2983 2134 go
3010 2057 3208 2116 ueneri
3235 2056 3346 2116 dfis
3372 2058 3433 2117 ui

2902 2169 3049 2210 neae
3117 2151 3258 2227 quid
3285 2151 3455 2211 faciet

2903 2244 3131 2304 colonis
3158 2244 3300 2306 illis·
3343 2245 3569 2306 ⁴¹aiunt
3639 2254 3650 2263 '

2904 2464 2979 2523 illi
3008 2465 3197 2527 malos
3226 2467 3377 2527 male

2901 2558 3138 2636 perdet·
3181 2569 3240 2620 et
3266 2561 3490 2621 uinea-

2899 2654 3116 2714 locauit
3136 2654 3260 2716 aliis
3287 2655 3423 2716 colo

2902 2748 2992 2806 nis
3019 2749 3120 2824 qui
3149 2749 3397 2810 reddent

2901 2843 2954 2902 ei
2984 2840 3233 2902 fructum
3262 2853 3382 2904 tem

2902 2937 3140 3013 poribus
3168 2938 3288 2998 suis
3306 2970 3408 2986 ·-

2903 3027 2948 3066 ⁴²
2965 3030 3122 3090 Dicit
3149 3033 3256 3091 illis
3288 3032 3381 3092 ihs
3401 3065 3418 3081 ·
3461 3052 3608 3095 num

2903 3145 3082 3204 quam
3110 3126 3325 3204 legistis
3350 3127 3413 3187 in

2829 3245 2834 3248 ·
2903 3223 3200 3299 scripturis
3266 3222 3385 3300 lapi

2906 3317 3042 3377 dem
3066 3335 3243 3393 quem
3270 3334 3444 3393 repro

2901 3412 3188 3470 bauemnt
3213 3411 3384 3470 aedifi

2904 3517 3106 3565 cantes
3133 3505 3226 3564 hic
3254 3503 3442 3564 sactus

2905 3610 2992 3661 est
3019 3599 3078 3657 in
3107 3598 3297 3676 capud
3332 3617 3493 3675 angn

2903 3694 2943 3752 li
2962 3725 2976 3740 ·
3020 3712 3055 3752 a
3084 3693 3203 3753 diio
3229 3692 3414 3752 factus
3442 3702 3534 3753 est

2902 3788 3007 3847 iste
3031 3819 3045 3835 ·
3098 3797 3156 3847 et
3181 3797 3272 3847 est
3296 3787 3444 3846 mira

2902 3882 3031 3941 bilis
3059 3881 3118 3939 in
3146 3881 3331 3941 oculis
3358 3898 3469 3941 nos

2902 3977 3004 4035 tris
3026 4006 3042 4022 ·
3084 3975 3127 4008 ⁴³
3146 3974 3292 4034 Ideo
3324 3975 3461 4037 dico

2902 4070 3071 4131 uobis
3099 4069 3236 4148 quia
3263 4068 3394 4129 aufe

2903 4175 3056 4226 retur
3083 4183 3118 4225 a
3151 4165 3322 4224 uobis
3350 4183 3453 4242 reg

2906 4277 3049 4319 num
3076 4260 3137 4319 di
3158 4292 3171 4306 ·
3214 4258 3292 4318 Et
3320 4260 3546 4320 dabitur
