4414 4917
946 2328 1007 2364 10

943 2973 1003 3021 15

945 3616 1007 3650 20

2024 471 2553 531 FRAGMENTA

1441 716 1727 782 Secundi
1768 720 2213 799 quaternionis
2238 718 2491 801 folium
2536 732 2832 784 octauum
2879 715 3137 805 (uerso).

1843 930 1985 995 F01.
2022 933 2168 1012 72b
2216 928 2475 1015 (Basa,
2540 931 2732 1017 wa).

1423 1137 1630 1203 Sicuti
1677 1137 1800 1203 flos
1844 1138 2013 1204 faeni
2061 1138 2375 1204 transibit
2419 1137 2468 1176 ¹¹
2486 1149 2749 1204 exortus

1461 1278 1562 1332 est
1609 1269 1786 1332 enim
1831 1266 1931 1332 sol
1977 1287 2129 1331 cum
2174 1267 2415 1333 ardore
2455 1278 2524 1332 et
2563 1290 2680 1332 are

1461 1396 1611 1461 fecit
1656 1397 1918 1461 faenum
1965 1406 2033 1463 et
2078 1396 2201 1461 flos
2246 1397 2388 1461 eius
2432 1398 2679 1462 decidit

1460 1535 1528 1590 et
1573 1526 1776 1590 decor
1820 1524 2043 1589 uultus
2090 1526 2233 1591 eius
2278 1526 2535 1608 deperit
2581 1522 2729 1610 (ita)

1456 1663 1525 1718 et
1569 1655 1758 1719 diues
1806 1654 1870 1717 in
1917 1654 2259 1718 itineribus
2305 1654 2438 1718 suis
2486 1674 2738 1718 marces

1460 1784 1548 1848 cit
1595 1815 1609 1830 ·
1701 1780 1751 1818 ¹²
1772 1782 2073 1846 BEATUS
2124 1796 2257 1847 unz
2304 1796 2438 1858 Qu1
2486 1795 2820 1847 SUFFERT
2868 1798 3024 1847 TEM

1458 1912 1779 1977 tationem
1826 1912 1983 1996 quia
2028 1931 2181 1975 cum
2232 1913 2553 1994 probatus
2600 1911 2710 1975 sue

1460 2042 1541 2106 rit
1589 2042 1869 2123 accipiet
1917 2061 2234 2106 coronam
2282 2041 2463 2105 uitae
2507 2045 2641 2123 qui

1459 2170 1830 2253 repromisit
1878 2170 1956 2233 ds
2002 2169 2431 2252 diligentibus
2474 2189 2547 2234 se
2595 2201 2610 2216 ·

1288 2300 1343 2339 ¹³
1368 2301 1587 2364 Nemo
1632 2320 1783 2364 cum
1830 2307 2199 2381 temptatur
2246 2299 2424 2365 dicat
2469 2300 2723 2382 quonia

1460 2451 1500 2494 a
1547 2430 1635 2494 d6
1681 2438 2050 2513 temptatur
2098 2462 2112 2477 ·
2293 2429 2397 2492 Ds
2444 2428 2618 2494 enim
2666 2430 2803 2494 inte

1460 2569 1638 2624 tator
1683 2558 2004 2622 malorum
2050 2568 2151 2622 est
2199 2590 2215 2604 ·
2261 2559 2401 2640 ipse
2445 2566 2601 2621 aute

1461 2687 1788 2752 neminem
1836 2695 2124 2769 temptat
2171 2720 2186 2735 ·
2237 2685 2291 2724 ¹⁴
2312 2687 2627 2770 unusquis

1461 2837 1594 2905 que
1641 2838 1799 2881 uero
1844 2837 1885 2880 a
1936 2817 2426 2899 c6cupiscentia
2470 2837 2588 2881 sua
2635 2817 2755 2879 abs

1463 2955 1711 3010 tractus
1761 2954 1825 3009 et
1874 2944 2132 3009 illectus
2179 2943 2230 2983 ¹⁵
2248 2942 2463 3028 (tunc)
2507 2963 2716 3009 concu

1464 3074 1783 3157 piscentia
2132 3075 2306 3156 parit
2356 3093 2555 3155 pecca

1462 3211 1605 3265 tum
1655 3221 1813 3266 uero
1859 3222 2009 3266 cum
2057 3214 2590 3266 consummatum

1403 3309 1412 3314 ⁹
1463 3330 1658 3395 fuerit
1703 3341 1976 3413 generat
2024 3340 2304 3396 mortem
2397 3329 2448 3368 ¹⁶
2471 3328 2603 3394 noli

1464 3469 1533 3523 te
1579 3461 1804 3542 itaque
1850 3457 2088 3545 (errare
2132 3460 2368 3526 fratres
2416 3457 2571 3544 mei)

1460 3587 1868 3653 dilectissimi
1918 3588 1968 3628 ¹⁷
1991 3608 2188 3652 omne
2234 3586 2493 3672 (datum
2540 3587 2659 3671 op)

1464 3719 1701 3782 timum
1749 3727 1817 3782 et
1864 3737 2064 3782 omne
2109 3717 2359 3781 donum
2409 3715 2624 3799 perfec

1467 3856 1608 3910 tum
1657 3847 1996 3911 desursum
2045 3857 2145 3911 est
2191 3848 2602 3944 descendens

1462 3997 1500 4038 a
1547 3985 1735 4058 patre
1782 3975 2101 4039 luminum

1465 4125 1592 4167 non
1644 4115 1742 4168 est
1789 4104 2258 4168 transmutatio
2305 4124 2424 4167 nec
2473 4103 2538 4165 ui

3166 1036 3296 1102 Iac.
3329 1036 3371 1100 i.
3409 1051 3640 1115 10-17.
