4414 4917
299 491 431 541 rol.
454 495 542 546 87.

596 334 638 389 1.
666 337 831 403 70-11.
857 336 962 405 ιι]

596 512 834 554 suorum
864 495 964 574 qui
992 496 1066 555 ab
1095 513 1129 556 e

594 606 672 648 uo
700 602 837 648 sunt
860 621 874 637 ·
918 588 960 624 ⁷¹
982 601 1039 650 et
1067 592 1247 652 libera

592 684 673 742 uit
702 702 814 743 nos
840 686 916 743 ab
946 686 1196 746 inimicis

591 779 806 836 nostris
905 789 962 838 et
991 780 1064 838 de
1090 798 1192 840 ma

590 872 763 930 nibus
792 874 1059 932 omnium

591 965 689 1041 qui
717 983 829 1024 nos
857 967 1109 1025 oderunt
1129 999 1145 1015 ·

586 1055 722 1117 ”ad
751 1059 1081 1119 faciendam
1110 1062 1191 1120 mi

588 1152 959 1211 sericordiam
981 1165 1106 1213 cu-

587 1247 844 1322 patribus
872 1249 1083 1306 nostris
1105 1280 1120 1296 ·

588 1350 644 1398 et
671 1343 985 1400 memorari
1014 1353 1101 1401 tes

586 1436 824 1493 tamenti
853 1437 936 1495 sci
966 1438 1091 1495 sui·

585 1525 627 1560 ⁷⁸
645 1528 1054 1589 Iusiurandum

584 1622 740 1699 quod
769 1624 973 1682 iurauit
1002 1624 1079 1684 ad

582 1716 859 1775 abraham
889 1730 1115 1794 patrem

582 1818 847 1869 nostrum
867 1841 883 1857 ·
947 1812 992 1843 ⁷⁴
1010 1813 1215 1874 daturfi

582 1919 643 1961 se
672 1905 845 1963 nobis
868 1935 883 1951 ·
927 1917 991 1965 ut
1021 1908 1148 1967 sine

580 1998 788 2058 timore
815 1998 890 2058 de
918 2018 1098 2061 manu

578 2091 945 2152 inimicorum
975 2113 1086 2154 nos

579 2193 798 2245 trorum
825 2188 1050 2247 liberati
1068 2221 1083 2236 ·

579 2282 901 2340 semiannus
928 2282 1008 2341 illi
1069 2283 1211 2362 πίῃ,

579 2503 779 2564 εὸἰῐειῐε
806 2515 864 2564 et
891 2505 1163 2568 iustitiam

577 2615 775 2659 coram
804 2600 934 2677 ipso
954 2633 969 2648 ·
1034 2603 1198 2662 omni

576 2692 683 2752 bus
712 2694 917 2754 diebus
947 2699 1158 2756 nostris

574 2785 617 2819 ⁷⁸
634 2786 709 2845 Et
736 2797 798 2847 tu
828 2807 972 2866 puer
999 2791 1224 2868 profeta

569 2879 827 2940 altissimi
854 2886 1081 2944 uocabe

572 2975 647 3033 ris
665 3006 679 3021 ·
743 2977 993 3052 praeibis
1022 2979 1180 3037 enim

571 3078 703 3127 ante
731 3068 940 3129 faciem
970 3072 1072 3130 dfii
1101 3091 1177 3149 pa

565 3178 690 3221 rare
718 3164 845 3222 uias
874 3166 997 3223 eius
1017 3198 1051 3244 χ
1075 3167 1213 3227 ”ad

566 3253 822 3315 dandam
851 3260 1141 3319 scientia-

568 3350 766 3409 salutis
793 3352 979 3428 plebis
1007 3355 1130 3413 eius

566 3442 625 3502 in
652 3447 1056 3507 remissionem

568 3549 944 3614 peccatorum
973 3547 1116 3601 corii
1136 3573 1151 3588 ·

564 3628 608 3665 '⁸
623 3651 726 3710 per
753 3635 979 3694 uiscera
1006 3635 1201 3694 miseri

566 3728 795 3787 cordiae
825 3729 885 3786 di
914 3730 1097 3788 nostri
1120 3760 1135 3775 ·

566 3818 625 3877 in
653 3822 865 3898 quibus
893 3823 1143 3882 uisitauit
1167 3854 1181 3871 ·

566 3931 674 3973 nos
702 3917 898 3974 oriens
927 3935 999 3975 ex
1031 3917 1148 3975 alto
1168 3946 1184 3963 ·

565 4005 968 4068 ”inluminare
996 4010 1104 4070 hos
1132 4009 1235 4087 qui

568 4099 626 4158 in
656 4102 907 4161 tenebris
929 4134 944 4149 ·
1007 4103 1084 4162 Et
1114 4103 1215 4180 qui

567 4193 626 4251 in
653 4196 861 4254 umbra
890 4198 1093 4255 mortis

1910 321 2262 386 LUCAN-

1348 497 1532 576 pedes
1560 506 1792 560 nostros
1820 498 1881 557 in

1346 594 1505 651 uiam
1535 593 1697 670 pacis
1721 626 1734 640 ·
1756 626 1770 641 ·
1814 594 1860 627 ⁸⁰
1877 593 2026 653 Puer

1345 699 1540 746 autem
1570 690 1867 747 crescebat

1344 792 1401 841 et
1429 782 1870 842 confortabatur

1347 876 1408 934 in
1438 882 1548 952 spu
1569 909 1582 923 ·
1647 877 1724 935 Et
1752 887 1871 937 erat
1899 878 1960 936 in

1342 970 1584 1029 desertis
1611 989 1798 1047 usque
1827 972 1887 1030 in

1339 1065 1495 1124 diem
1523 1066 1876 1125 ostensionis

1340 1176 1480 1218 suae
1509 1159 1584 1218 ad
1615 1159 1686 1217 isi
1713 1191 1727 1205 ·
1753 1185 1835 1213 ,Α

1478 1252 1516 1312 -Ι-
1549 1252 1609 1300 In
1631 1250 1797 1301 natale
1819 1251 1906 1303 dni

1651 1357 1735 1382 ω

1287 1436 1318 1472 *
1336 1445 1394 1498 2.
1430 1436 1447 1470 ¹
1467 1436 1711 1496 Factum
1735 1447 1821 1497 est
1841 1449 2030 1497 autem

1282 1532 1311 1565 *
1331 1534 1392 1591 in
1422 1532 1618 1591 diebus
1645 1532 1754 1591 illis
1777 1564 1791 1579 ·
1856 1534 1951 1593 exi

1284 1626 1375 1685 *it
1404 1627 1823 1687 edictumflcesa

1335 1740 1396 1780 re
1426 1731 1631 1797 agusto
1659 1734 1720 1780 ut
1750 1740 1858 1799 pro

1329 1815 1582 1875 fiteretur
1609 1816 1813 1876 uniuer

1334 1927 1432 1968 sus
1461 1910 1617 1968 orbis
1646 1920 1828 1969 terrae

1330 2004 1352 2037 ²
1374 2002 1541 2063 Haec
1572 2005 1855 2081 professio
1885 2006 1972 2083 pri

1328 2115 1427 2157 ma
1457 2097 1607 2157 facta
1634 2110 1720 2159 est
1794 2101 1946 2177 presi

1331 2191 1405 2250 de
1435 2194 1619 2269 syriae
1649 2194 1849 2270 cyrino
1868 2225 1882 2240 ·

1329 2284 1353 2318 ⁸
1371 2295 1428 2345 et
1456 2288 1620 2346 ibant
1647 2306 1854 2348 omnes
1880 2298 1944 2347 ut

1325 2381 1731 2457 profiterentur

1329 2513 1536 2591 singuli
1565 2515 1626 2573 in
1656 2533 1822 2574 suam
1851 2515 1906 2576 ci

1325 2608 1565 2666 uitatem
1588 2640 1602 2655 ·
1647 2610 1882 2668 ⁴Ascen

1326 2701 1408 2760 dit
1437 2713 1633 2761 autem
1660 2712 1717 2762 et
1744 2704 1949 2781 ioseph

1321 2812 1356 2853 a
1384 2795 1592 2871 galilea
1620 2797 1693 2856 de
1722 2798 1898 2857 ciuita

1323 2897 1380 2947 te
1409 2890 1682 2948 nazareth
1713 2892 1772 2949 in
1803 2893 1861 2949 iu

1321 2983 1494 3042 deam
1524 2985 1584 3042 in
1614 2985 1842 3045 ciuitate

1315 3076 1489 3136 dauid
1523 3096 1673 3156 quae
1701 3089 1944 3139 uocatur

1319 3172 1602 3231 betlehem
1627 3204 1641 3219 ·
1704 3193 1777 3234 eo
1806 3175 1966 3252 quod

1319 3276 1474 3325 esset
1501 3267 1574 3326 de
1604 3267 1785 3328 domo
1814 3279 1872 3328 et

1318 3359 1391 3418 de
1420 3362 1605 3436 patn‘a
1632 3362 1809 3421 dauid
1831 3394 1847 3412 ·

1318 3453 1341 3485 ⁸
1358 3463 1421 3513 ut
1448 3455 1809 3531 profiteretur

1321 3553 1396 3606 οῦ
1424 3551 1605 3608 maria
1632 3569 1813 3610 uxore
1841 3569 1911 3610 su

1318 3642 1673 3719 desponsata
1702 3645 1756 3704 ei
1780 3676 1795 3692 ·

1321 3754 1458 3795 cum
1486 3749 1638 3797 esset
1665 3740 1725 3796 in
1754 3734 1972 3820 uter[o]

1326 3830 1553 3890 habens
1584 3865 1597 3878 ·
1625 3864 1639 3880 ·
1711 3834 1733 3867 ⁸
1753 3834 1935 3893 Factii

1316 3935 1405 3984 est
1433 3936 1628 3984 autem
1657 3946 1790 3986 cum
1820 3946 1883 3987 es

1312 4030 1441 4078 sent
1469 4021 1583 4079 ibi·
1652 4022 1923 4099 impletus

1312 4124 1400 4172 est
1429 4114 1552 4173 dies
1580 4126 1643 4173 ut
1673 4129 1899 4192 pareret

1311 4208 1427 4267 Ἐἰ
1455 4211 1677 4287 peperit
1706 4211 1887 4270 filium

569 4288 802 4348 Sedent·
832 4289 909 4348 ad
928 4289 1263 4368 dirigendos
1314 4320 1484 4362 suum
1514 4306 1869 4384 prhnogenit
1898 4339 1912 4354 .
1937 4338 1952 4354 .

2152 507 2211 557 et
2239 495 2449 574 pannis
2478 514 2613 555 eum
2641 496 2795 556 inu0l

2152 591 2237 650 uit
2265 602 2320 650 et
2349 591 2546 669 posuit
2576 609 2710 650 eum

2149 685 2213 743 in
2242 686 2550 762 praesepio
2620 685 2757 762 quia

2150 797 2274 838 non
2303 789 2424 839 erat
2453 781 2617 839 locus
2646 780 2707 837 in

2148 872 2468 932 diuersorio
2492 903 2507 921 ο

2144 965 2167 998 ⁸
2185 966 2454 1026 Pastores
2483 975 2676 1026 autem
2704 986 2739 1025 e

2144 1070 2275 1118 rant
2305 1061 2366 1118 in
2395 1060 2491 1119 illa
2519 1062 2682 1137 regio

2145 1172 2221 1212 ne
2249 1154 2556 1231 uigilantes
2583 1164 2642 1213 et

2142 1247 2535 1307 custodientes
2562 1248 2681 1325 uigi

2142 1339 2249 1399 lias
2278 1343 2464 1402 noctis
2493 1360 2672 1420 supra

2140 1454 2384 1512 gregem
2411 1454 2582 1495 suum
2607 1469 2622 1485 ·

2140 1529 2161 1561 ⁹
2178 1527 2255 1587 Et
2285 1549 2423 1589 ecce
2452 1530 2693 1607 angelus
2722 1531 2822 1591 dfii

2140 1624 2295 1680 stetit
2323 1624 2483 1682 iuxta
2511 1625 2638 1685 illos
2662 1656 2676 1672 ·

2139 1726 2197 1775 et
2227 1717 2457 1776 claritas
2487 1719 2588 1778 dni
2618 1719 2703 1778 cir

2138 1811 2431 1869 cumfulsit
2458 1813 2589 1872 illos
2613 1844 2628 1860 ·

2137 1903 2215 1962 Et
2244 1906 2557 1966 timuerunt
2586 1908 2729 1966 timo

2135 2017 2197 2057 re
2231 2017 2452 2075 magno
2477 2032 2491 2046 ·
2535 2000 2579 2033 ¹⁰
2594 2001 2670 2059 Et
2699 2002 2798 2061 dix

2137 2093 2209 2150 sit
2237 2093 2347 2151 illis
2377 2094 2620 2170 angelus

2135 2186 2314 2246 nolite
2343 2188 2544 2248 timere
2572 2208 2713 2249 ecce

2134 2282 2294 2339 enim
2324 2283 2722 2360 euangelizaui

2133 2507 2304 2566 uobis
2331 2509 2611 2585 gaudium

2131 2620 2413 2677 magnum
2443 2604 2602 2680 quod

2131 2697 2237 2754 erit
2264 2698 2426 2755 omni
2454 2698 2610 2774 plebi

2134 2789 2173 2823 ¹¹
2193 2791 2332 2867 quia
2354 2804 2525 2851 natus
2553 2804 2640 2852 est
2660 2794 2831 2853 uobis

2130 2883 2309 2943 hodie
2338 2885 2592 2946 saluator
2618 2889 2719 2965 qui

2130 2988 2218 3036 est
2246 2985 2358 3055 xps
2388 2981 2498 3041 dfis
2525 2982 2586 3039 in
2615 2984 2788 3042 ciuita

2129 3082 2185 3130 te
2215 3072 2390 3132 dauid
2414 3106 2429 3120 ·
2472 3073 2517 3107 ¹²
2535 3085 2594 3135 et
2621 3076 2789 3136 huius

2129 3166 2242 3226 hoc
2271 3168 2440 3227 uobis
2470 3170 2703 3245 signum
2723 3202 2738 3218 ·

2126 3260 2432 3320 inuenietis
2461 3263 2682 3323 infante

2123 3356 2333 3431 pannis
2361 3357 2688 3416 inuolutum

2124 3460 2180 3508 et
2210 3452 2466 3527 positum
2495 3453 2555 3510 in
2584 3471 2685 3529 pre

2126 3546 2293 3621 sepio
2318 3576 2332 3593 ·
2379 3545 2420 3577 ¹³
2438 3546 2515 3604 Et
2544 3547 2735 3605 subito

2123 3637 2276 3697 facta
2303 3649 2391 3699 est
2419 3659 2553 3699 cum
2583 3639 2796 3717 angelo

3531 326 3614 400 75

2906 506 2969 555 ut
2997 492 3263 554 discessit
3295 493 3371 554 ab
3399 493 3512 553 illis

2906 589 3151 666 angelus
3180 589 3241 646 in
3269 587 3498 647 caelum
3522 617 3536 633 ·

2903 680 2982 742 Et
3012 684 3280 743 homines
3308 682 3386 740 illi
3413 699 3525 757 pas

2902 785 3060 836 tores
3090 777 3362 835 dixerunt
3393 776 3469 835 ad

2899 870 3157 931 inuicem
3226 881 3463 930 transea

2899 980 3030 1024 mus
3059 983 3244 1043 usque
3273 966 3334 1023 in
3362 962 3502 1023 beth

2896 1056 3090 1117 lehem
3158 1068 3223 1118 ut
3249 1058 3553 1118 uideamus

2895 1153 3141 1212 uerbum
3172 1153 3333 1231 quod
3363 1152 3455 1211 fac

2895 1253 3020 1304 tum
3048 1258 3138 1307 est
3207 1247 3369 1324 quod
3399 1246 3511 1306 dfis

2896 1342 3151 1400 ostendit
3183 1342 3356 1400 nobis
3376 1371 3392 1387 ·

2893 1429 2936 1466 ²⁶
2947 1433 3023 1493 Et
3040 1446 3327 1495 uenerunt
3344 1434 3592 1497 festinan

2896 1538 2984 1587 tes
3013 1540 3071 1588 et
3100 1531 3447 1589 inuenerunt

2894 1623 3139 1681 mariam
3169 1633 3226 1681 et
3256 1621 3466 1700 ioseph

2892 1725 2951 1773 et
2979 1716 3263 1776 infantem
3291 1718 3427 1795 posi

2891 1818 3016 1867 tum
3045 1810 3105 1866 in
3132 1811 3405 1887 presepio

2889 1900 2935 1935 ¹⁷
2950 1901 3232 1962 Uidentes
3252 1913 3448 1962 autern
3477 1920 3597 1981 cog

2890 2008 3182 2056 nonerunt
3210 1997 3283 2056 de
3310 2015 3412 2057 uer

2887 2090 2968 2149 bo
3039 2092 3201 2167 quod
3231 2092 3452 2151 dictum
3481 2101 3572 2151 est

2888 2184 2998 2244 illis
3026 2186 3101 2244 de
3131 2204 3318 2262 puero
3347 2185 3463 2245 hoc
3483 2216 3497 2232 ·

2888 2281 2933 2316 ¹⁸
2941 2282 3017 2342 Et
3033 2301 3244 2344 omnes
3260 2284 3360 2360 qui
3378 2284 3624 2344 aderant

2885 2509 3074 2568 mirati
3103 2519 3240 2569 sunt
3268 2508 3343 2569 de
3372 2510 3461 2570 his

2885 2621 3037 2681 quae
3067 2604 3408 2664 dicebantur
3429 2624 3465 2666 a
3480 2623 3589 2683 pas

2884 2699 3109 2759 toribus
3138 2699 3214 2759 ad
3243 2700 3403 2776 ipsos

2882 2791 2927 2826 ¹⁹
2945 2792 3135 2852 Maria
3156 2789 3350 2853 autem
3374 2812 3587 2856 conser

2879 2889 3056 2948 uabat
3084 2889 3285 2948 omnia
3311 2890 3493 2949 uerba

2877 2983 3023 3043 haec
3052 2983 3362 3044 conserens
3388 2984 3450 3043 in

2878 3079 3058 3138 corde
3078 3097 3186 3138 suo
3208 3113 3223 3129 ·
3258 3079 3303 3112 ²⁰
3319 3078 3398 3139 Et
3415 3096 3586 3140 reuer

2878 3173 2926 3231 si
2955 3185 3091 3233 sunt
3117 3185 3383 3252 pastores

2879 3269 3325 3343 magnificantes
3354 3275 3412 3327 et
3440 3267 3538 3327 lau

2879 3359 3085 3420 dantes
3114 3361 3214 3420 ἀῶ
3245 3363 3304 3419 in
3331 3362 3498 3420 omni

2877 3441 2997 3514 bus‘
3020 3473 3170 3531 quae
3199 3454 3500 3515 audierant

2873 3558 2932 3606 et
2961 3549 3225 3608 uiderant
3252 3550 3403 3608 sicut

2873 3640 3029 3702 dicta
3051 3654 3184 3702 sunt
3205 3643 3280 3705 ad
3299 3643 3428 3702 illos
3447 3684 3467 3716 ,
3488 3668 3574 3695 w·

2121 3751 2426 3810 multitudo
2455 3753 2645 3811 exerci
2657 3729 2742 3785 †in
2755 3736 2993 3812 ⁰⁰t²²¹Et
3009 3765 3323 3832 postquam
3333 3764 3573 3815 consu·-

2693 3795 2757 3843 ba
2782 3794 2868 3845 dfii

2120 3868 2212 3917 tus
2243 3859 2504 3919 caelestis
2573 3858 2788 3920 laudan
2833 3861 3010 3924 †mati
3040 3879 3146 3920 sun
3176 3862 3298 3920 dies
3326 3871 3463 3921 octo
3486 3892 3503 3909 ·

2117 3955 2261 4013 tium
2291 3955 2391 4012 dm
2425 3963 2482 4012 et
2509 3953 2765 4015 dicentia
2867 3966 2932 4015 ut
2960 3955 3372 4014 circumcidere

2117 4047 2373 4108 ¹⁴Gloria
2393 4049 2453 4107 in
2475 4048 2717 4107 excelsis
2737 4051 2816 4109 do
2867 4061 2961 4109 tur
2982 4081 2997 4095 ·
3040 4048 3116 4106 Et
3145 4059 3425 4108 uocatum

2118 4153 2175 4203 et
2202 4144 2262 4201 in
2294 4154 2444 4201 terra
2472 4162 2587 4220 pax
2616 4142 2778 4203 homi
2866 4154 2953 4202 est
2986 4159 3205 4200 nornen
3237 4143 3362 4201 eius
3390 4141 3480 4202 ihs
3504 4171 3520 4190 ·

2116 4238 2286 4297 nibus
2315 4239 2503 4296 bonae
2531 4238 2710 4297 uolun

2865 4237 3046 4310 Quod
3073 4247 3351 4296 uocatum
3379 4245 3469 4298 est

2115 4332 2249 4391 tatis
2274 4365 2288 4380 ·
2331 4333 2373 4365 ¹⁶
2390 4332 2468 4391 Et
2485 4331 2702 4391 factum
2723 4341 2814 4392 est
2861 4333 2938 4392 ab
2965 4331 3177 4408 angelo
3205 4332 3367 4408 prius

3196 4448 3295 4490 La

3665 497 3793 546 1²01.
3816 497 3914 546 88.
