4414 4917
618 336 728 388 vll.
747 332 1000 399 50-v111,
1020 330 1129 399 37·]
1881 314 2327 388 IOHANNI?
2340 356 2355 373 ·
3546 338 3632 412 53

306 498 451 551 rol.
473 497 601 550 ω.
619 492 663 527 ⁸⁰
680 492 845 556 Dixit
872 493 1214 557 nicodemus
1367 513 1493 555 non
1521 495 1719 555 iudico
1746 513 1927 572 quem
2170 493 2510 558 ”Dicebant
2526 514 2671 572 ergo
2686 495 2879 558 iudaei
2928 495 3077 556 sicut
3104 495 3305 559 docuit
3331 515 3426 559 me
3455 516 3534 576 pa
3657 501 3780 551 1⁸01.
3800 501 3931 553 286.

620 587 694 647 ad
723 606 827 648 eos
847 619 862 637 ·
923 588 1018 651 illc
1045 588 1147 666 qui
1175 607 1249 649 ue
1368 607 1551 667 quam
1570 620 1585 636 ·
1628 588 1672 625 ¹⁸
1687 589 1764 651 Et
1791 591 1842 651 si
1866 591 1989 654 iudi
2175 589 2461 669 numquid
2489 592 2721 651 occissu
2927 600 3014 650 ter
3043 609 3210 651 meus
3238 591 3385 652 haec
3415 593 3475 653 lo

618 683 702 740 nit
731 681 807 744 ad
834 700 970 745 eum
998 692 1173 745 nocte
1191 713 1207 734 ·
1370 701 1445 742 co
1475 701 1591 760 ego
1620 683 1908 747 Iudicium
2173 703 2273 747 rus
2303 695 2390 746 est
2417 704 2481 747 se
2505 716 2520 733 ·
2582 692 2725 762 qum
2754 685 2814 747 di
2928 702 3081 762 quor
3098 716 3113 732 ·
3173 682 3217 719 ²⁹
3236 696 3295 746 et
3323 687 3423 762 qui
3453 705 3551 749 me

619 794 768 836 unus
786 776 888 852 qui
906 787 1029 837 erat
1046 795 1122 839 ex
1140 776 1282 857 ipsis
1301 807 1317 827 ·
1368 795 1570 838 meum
1599 796 1802 840 uerum
1832 789 1955 841 est·
2176 780 2256 839 cit
2283 781 2384 839 ubi
2413 798 2527 857 ego
2555 780 2713 841 uado
2928 778 3083 838 misit
3112 797 3346 839 mecum
3373 790 3465 843 est
3487 811 3503 829 ·

617 868 661 903 ⁵¹
680 869 986 948 Numquid
1007 870 1104 931 lex
1120 880 1322 933 nostra
1369 872 1508 948 quia
1536 872 1699 934 solus
1727 890 1851 934 non
1879 877 1950 934 sii
1973 904 1989 923 ·
2173 890 2285 934 uos
2312 892 2434 933 non
2462 875 2707 951 potestis
2929 890 3053 931 non
3081 873 3349 950 relinquit
3376 892 3474 933 me

617 964 832 1026 iudicat
859 965 1163 1027 hominem
1183 995 1199 1014 ·
1371 964 1478 1025 sed
1504 983 1621 1043 ego
1677 975 1737 1027 et
1762 967 1865 1044 qui
1892 985 1991 1029 me
2174 967 2415 1027 uenire⁶
2458 965 2502 1000 ²³
2519 967 2597 1030 Et
2627 968 2770 1028 dixit
2930 965 3120 1026 solum
3147 976 3313 1043 pater
3330 998 3345 1013 ·
3409 969 3549 1046 quia

615 1057 727 1120 nisi
754 1058 999 1119 audierit
1025 1059 1116 1136 pri
1369 1059 1527 1121 misit
1553 1070 1721 1136 pater
1800 1060 1911 1121 ²⁷et
1937 1063 1999 1123 in
2173 1061 2258 1120 eis
2285 1079 2396 1123 uos
2424 1061 2499 1123 de
2527 1062 2740 1123 deorsu
2929 1079 3046 1136 ego
3074 1078 3225 1136 quae
3256 1062 3474 1138 placita

617 1169 780 1210 mum
801 1152 1030 1229 abipso
1050 1183 1065 1198 ·
1094 1152 1174 1216 Et
1199 1171 1321 1231 cog
1368 1152 1500 1229 lege
1527 1163 1725 1216 autem
1751 1165 1950 1216 uestra
2174 1156 2313 1215 estis
2336 1186 2350 1202 ·
2413 1154 2549 1232 Ego
2577 1166 2775 1218 autem
2929 1164 3066 1214 sunt
3091 1154 3174 1214 illi
3202 1154 3355 1215 facio
3384 1173 3511 1219 sem

615 1246 842 1309 nouerit
869 1247 1012 1323 quid
1041 1246 1217 1310 facit·
1368 1247 1650 1324 scriptum
1678 1260 1807 1309 est·
1866 1251 2007 1327 quis.
2172 1248 2248 1308 de
2278 1251 2673 1326 superioribus
2928 1266 3034 1325 per
3052 1280 3069 1295 ·
3102 1248 3148 1285 ³⁰
3167 1248 3340 1310 Haec
3370 1249 3471 1310 illo

615 1335 659 1372 ⁶²
675 1338 1136 1420 Responderunt
1161 1352 1219 1403 et
1367 1342 1618 1403 duorum
1639 1342 1888 1404 hominii
2173 1360 2306 1403 sum
2330 1374 2344 1390 ·
2407 1361 2520 1405 uos
2547 1345 2622 1406 de
2648 1344 2767 1407 hoc
2928 1341 3206 1419 loquente
3276 1343 3444 1407 multi

615 1432 883 1497 dixerunt
910 1435 964 1495 ei
982 1465 998 1481 ·
1062 1454 1208 1498 num
1367 1436 1769 1498 testimonium
1798 1456 1874 1499 ue
2173 1437 2400 1500 mundo
2425 1439 2567 1499 estis
2590 1469 2605 1485 ·
2666 1457 2784 1517 ego
2929 1436 3300 1499 crediderunt
3328 1439 3390 1501 in

615 1527 754 1605 quid
782 1537 842 1589 et
868 1537 931 1589 tu
958 1529 1203 1604 galileus
1365 1548 1496 1589 rum
1525 1541 1614 1591 est
1633 1561 1649 1579 ·
1692 1530 1888 1609 “Ego
1919 1538 1990 1593 sii
2173 1550 2299 1591 non
2330 1550 2461 1595 sum
2493 1534 2567 1593 de
2594 1533 2712 1595 hoc
2930 1549 3068 1590 eum
3087 1562 3103 1579 ·
3164 1531 3205 1566 ³¹
3225 1532 3461 1593 dicebat

614 1639 677 1680 es
700 1652 715 1667 ·
775 1621 1045 1684 Scrutare
1073 1633 1132 1685 et
1366 1625 1467 1702 qui
1496 1625 1899 1686 testimonium
2171 1627 2398 1687 mundo
2419 1658 2433 1674 .
2459 1660 2473 1674 .
2518 1625 2563 1665 ²⁴
2579 1627 2718 1688 Dixi
2745 1648 2810 1691 er
2929 1642 3072 1701 ergo
3101 1625 3191 1684 ihs
3219 1626 3297 1684 ad
3325 1644 3431 1686 eos
3453 1657 3469 1674 ·

613 1714 750 1779 uide
778 1717 916 1793 quia
942 1717 1110 1796 profe
1366 1719 1648 1795 perhibeo
1678 1720 1753 1781 de
1782 1738 1878 1781 me
1906 1722 1967 1797 ip
2171 1739 2251 1798 go
2280 1721 2450 1782 uobis
2480 1723 2618 1798 quia
2645 1740 2747 1785 mo
2887 1786 2893 1791 ,
2931 1719 3028 1795 qui
3057 1720 3433 1782 crediderunt

613 1817 673 1870 ta
700 1828 735 1871 s
762 1810 972 1891 galilea
1000 1829 1124 1874 non
1153 1830 1254 1872 sur
1367 1831 1436 1874 so
1459 1844 1475 1860 ·
1536 1824 1595 1873 et
1623 1815 1923 1875 testimoni
2170 1815 2397 1875 riemini
2430 1816 2489 1874 in
2518 1834 2706 1892 pecca
2930 1814 2983 1870 ei
3014 1813 3236 1874 iudaeis
3258 1843 3273 1859 ·
3336 1815 3385 1874 si
3412 1831 3524 1879 uos

613 1905 698 1980 git
715 1936 729 1951 ·
751 1936 765 1951 ·
790 1936 804 1952 ·
850 1902 1180 1967 &mlta-um
1208 1925 1276 1968 er
1364 1926 1468 1968 um
1494 1908 1761 1984 perhibet
1787 1908 1862 1969 de
2171 1908 2245 1970 tis
2266 1909 2476 1972 uestris
2494 1940 2510 1959 ·
2580 1909 2639 1969 Si
2670 1917 2768 1973 eni
2928 1908 3255 1969 manseritis
3283 1908 3345 1965 in
3374 1926 3479 1969 uer

612 2016 692 2073 go
720 1999 830 2059 illis
858 1998 1088 2061 locutus
1115 2011 1205 2060 est
1364 2019 1464 2065 me
1491 2003 1593 2080 qui
1621 2003 1780 2063 misit
1806 2022 1905 2064 me
2170 2021 2296 2063 non
2326 2003 2617 2065 crederitis
2927 2001 3006 2060 bo
3035 2020 3171 2061 meo
3251 2019 3388 2063 uere
3418 2003 3511 2063 dis

612 2093 701 2156 ihs
727 2093 928 2155 dicens
945 2124 962 2145 ·
1020 2112 1134 2170 ego
1363 2106 1533 2173 pater
1555 2128 1571 2145 ·
1596 2127 1611 2144 ·
1636 2128 1651 2145 ·
1674 2095 1719 2133 ¹⁹
1735 2096 2029 2159 Dicebant
2171 2097 2310 2174 quia
2337 2115 2452 2174 ego
2483 2115 2612 2159 sum
2638 2129 2652 2144 ·
2717 2116 2820 2160 mo
2926 2096 3103 2173 cipuli
3131 2096 3248 2157 mei
3274 2097 3413 2157 estis
3434 2127 3450 2143 ·

613 2204 742 2246 sum
770 2188 868 2250 lux
897 2189 1103 2250 mundi
1361 2208 1506 2267 ergo
1534 2192 1588 2251 ei
1668 2192 1771 2252 ubi
1797 2202 1886 2252 est
1914 2211 1995 2269 pa.
2169 2192 2395 2251 riemini
2425 2192 2487 2253 in
2513 2210 2698 2268 pecca
2926 2186 2971 2221 ³⁹
2986 2199 3044 2249 et
3070 2191 3442 2267 cognoscetis
3468 2209 3544 2253 ue

612 2282 711 2358 qui
732 2283 987 2359 sequitur
1014 2301 1109 2345 me
1362 2293 1450 2343 ter
1477 2295 1611 2347 tuus
1627 2327 1642 2344 .
1699 2304 1918 2364 respon
2169 2286 2244 2347 tis
2271 2286 2478 2347 uestris
2497 2317 2513 2333 ·
2558 2284 2601 2319 ²³
2618 2286 2767 2351 Dice
2927 2284 3193 2347 ritatem·
3258 2294 3316 2347 et
3343 2286 3466 2345 ueri

611 2432 733 2475 non
763 2415 1083 2480 ambulabit
1109 2417 1170 2476 in
1199 2428 1257 2478 te
1354 2419 1497 2496 -js’e‘ii
1517 2416 1602 2478 dit
1628 2418 1719 2479 ihs
1804 2437 1999 2498 neque
2169 2418 2315 2477 bant
2336 2437 2482 2497 ergo
2510 2420 2564 2478 ei
2588 2451 2602 2467 ·
2666 2429 2730 2480 tu
2758 2421 2859 2499 qui
2926 2425 3017 2477 tas
3045 2417 3311 2477 liberabit
3340 2437 3451 2480 uos

612 2511 808 2570 nebris
877 2511 984 2572 sed
1011 2513 1209 2574 abebit
1363 2529 1459 2572 me
1490 2514 1650 2573 scitis
1679 2515 1828 2594 neqS
1863 2534 1941 2592 pa
2171 2530 2199 2574 s
2229 2531 2296 2573 es
2316 2545 2330 2560 ·
2390 2524 2449 2572 et
2477 2514 2625 2574 dixit
2652 2516 2736 2574 eis
2764 2517 2854 2575 ihs
2925 2512 2969 2545 ⁸³
2989 2512 3445 2589 Responderunt
3472 2513 3550 2573 ad

611 2604 799 2668 lucem
824 2607 980 2671 uitae
998 2638 1012 2653 ·
1037 2639 1051 2654 ·
1096 2605 1142 2644 ¹⁸
1158 2608 1311 2675 Dixe
1362 2616 1512 2666 trem
1540 2625 1738 2667 meam
1762 2640 1776 2656 ·
1828 2610 1876 2669 si
1900 2615 1998 2669 eni
2170 2608 2519 2685 principium
2548 2612 2711 2686 quod
2926 2624 3062 2665 eum
3136 2606 3350 2666 Semen
3379 2608 3522 2666 abra

608 2709 741 2758 runt
766 2705 909 2778 ergo
937 2701 1016 2762 illi
1045 2701 1148 2765 fari
1362 2718 1460 2761 me
1489 2702 1711 2763 sciretis
1739 2712 1797 2764 et
1824 2722 1904 2780 pa
2169 2711 2230 2762 et
2256 2701 2464 2778 loquor
2491 2704 2666 2763 uobis
2695 2735 2710 2750 ·
2925 2700 3037 2759 hae
3072 2716 3272 2759 sumus
3343 2709 3402 2762 et
3430 2701 3589 2759 nemi

610 2794 692 2853 sei
716 2825 732 2841 ·
793 2806 855 2856 tu
884 2795 961 2857 de
990 2805 1049 2857 te
1076 2798 1211 2862 testi
1361 2805 1509 2858 trem
1536 2815 1737 2859 meum
1766 2799 1913 2861 scire
2168 2791 2412 2855 ”multa
2440 2795 2636 2856 habeo
2666 2797 2738 2857 de
2768 2816 2847 2857 uo
2926 2813 3062 2855 nem
3090 2795 3440 2855 seruiuimus

609 2888 871 2952 monium
899 2890 1205 2968 perhibes·
1359 2891 1433 2949 tis
1460 2891 1730 2972 utiquae·
1759 2924 1772 2938 ·
1814 2889 1862 2928 ²⁰
1883 2892 2055 2956 Haec
2168 2889 2259 2948 bis
2287 2889 2452 2967 loqui
2479 2900 2537 2949 et
2565 2891 2821 2952 iudicare
2842 2924 2856 2940 ·
2926 2906 3210 2966 umquam
3294 2907 3518 2967 quomo

607 2984 1007 3046 testimonium
1035 2994 1189 3050 tuu-
1358 2986 1537 3045 uerba
1563 2985 1795 3048 locutus
1822 2997 1910 3050 est
1938 2987 2032 3050 ihs
2170 2983 2287 3046 Sed
2316 2985 2416 3064 qui
2443 3002 2539 3045 me
2568 2986 2727 3046 misit
2753 3004 2830 3047 ue
2926 2983 3006 3041 do
3026 2993 3088 3043 tu
3118 2983 3264 3043 dicis
3293 2989 3437 3061 qum
3465 2985 3583 3043 libe

610 3093 730 3136 non
759 3087 849 3139 est
875 3096 1081 3142 uerum
1101 3110 1117 3126 ·
1359 3078 1420 3137 in
1448 3080 1795 3156 gazofilacio
1812 3112 1828 3129 ·
1886 3080 1970 3144 do
2167 3097 2272 3137 rax
2300 3089 2391 3138 est
2411 3111 2425 3127 ·
2487 3079 2562 3139 Et
2592 3099 2710 3159 ego
2926 3077 2972 3134 ri
3000 3077 3156 3137 eritis
3179 3108 3194 3124 ·
3253 3078 3297 3110 ⁸⁴
3316 3078 3562 3154 Respon

608 3168 1083 3248 ”Responditihs
1098 3174 1311 3240 etdixit
1362 3191 1502 3233 cens
1530 3175 1590 3235 in
1619 3173 1841 3251 templo
1863 3205 1881 3224 ·
2168 3190 2317 3251 quae
2347 3175 2544 3234 audiui
2571 3176 2648 3234 ab
2677 3191 2753 3235 eo
2927 3172 3012 3231 dit
3039 3172 3149 3231 illis
3176 3170 3267 3231 ihs
3292 3203 3306 3219 ·
3367 3173 3562 3231 Amen

606 3264 691 3329 eis
711 3297 725 3311 ·
789 3265 867 3326 Et
893 3268 942 3328 si
968 3285 1085 3346 ego
1115 3270 1248 3333 testi
1361 3279 1419 3328 et
1447 3286 1626 3332 nemo
1655 3269 1958 3346 adprehen
2168 3265 2278 3326 hec
2309 3267 2515 3348 loquor
2541 3269 2603 3330 in
2632 3269 2792 3331 hunc
2926 3284 3099 3324 amen
3128 3267 3262 3326 dico
3290 3267 3461 3326 uobis
3484 3298 3499 3314 ·

608 3360 875 3422 monium
902 3362 1141 3442 peribeo
1362 3362 1445 3422 dit
1472 3381 1609 3423 eum
1691 3364 1831 3439 quia
1859 3382 1984 3428 non
2167 3363 2455 3421 mundum
2481 3394 2495 3410 ·
2538 3361 2582 3397 ²⁷
2601 3363 2744 3424 Non
2927 3361 3064 3437 quia
3089 3362 3284 3419 omnis
3312 3362 3412 3438 qui
3441 3358 3501 3422 fa

607 3452 681 3511 de
705 3471 802 3514 me
831 3454 961 3530 ipso
1041 3473 1252 3524 uerum
1360 3457 1503 3515 dum
1531 3467 1774 3519 uenerat
1803 3458 1883 3523 ho
2169 3469 2586 3534 cognouerunt
2614 3461 2751 3536 quia
2925 3454 3003 3512 cit
3032 3465 3341 3530 peccatum
3373 3472 3468 3512 ser

605 3557 696 3607 est
729 3549 1127 3614 testimonium
1436 3576 1519 3610 w-
1560 3569 1627 3612 τι
1655 3551 1782 3612 eius
1823 3578 1906 3605 u·-
2171 3551 2246 3611 de
2275 3561 2441 3628 patre
2469 3553 2552 3612 eis
2580 3552 2710 3612 dice
2785 3570 2789 3574 ·
2922 3565 3034 3605 uus
3063 3556 3151 3606 est
3172 3547 3400 3623 peccati
3425 3578 3439 3592 ·
3482 3547 3631 3606 ”ser

603 3654 818 3705 meum·
867 3643 1005 3724 quia
1032 3645 1157 3706 scio
1323 3641 1400 3676 *²¹
1414 3644 1579 3708 Dixit
1607 3663 1753 3723 ergo
1780 3646 1867 3708 eis
1892 3647 2040 3712 iterii
2169 3646 2273 3707 bat
2295 3676 2310 3691 ·
2369 3645 2413 3680 ²⁸
2430 3645 2592 3706 Dixit
2619 3665 2763 3723 ergo
2884 3659 2995 3700 uus
3024 3650 3221 3700 autern
3250 3658 3371 3699 non
3401 3659 3500 3699 ma

603 3736 760 3795 unde
787 3737 925 3799 ueni
953 3747 1052 3800 aut
1080 3756 1201 3818 quo
1324 3736 1451 3800 'ihs
1470 3770 1485 3788 ·
1549 3758 1667 3816 ego
1695 3740 1854 3802 uado
1875 3772 1890 3788 ·
1954 3751 2013 3806 et
2169 3740 2256 3802 eis
2284 3739 2376 3800 ihs
2457 3758 2593 3799 cum
2621 3741 2817 3799 exalta
2923 3746 3025 3795 net
3053 3736 3114 3793 in
3144 3734 3325 3798 domo
3355 3737 3415 3794 in
3444 3749 3604 3795 aeter

603 3830 761 3890 uado
786 3861 800 3877 ·
860 3849 974 3894 uos
1001 3842 1195 3894 autem
1325 3831 1601 3911 *queritis
1629 3851 1727 3894 me
1748 3866 1762 3881 ·
1827 3844 1887 3898 et
2169 3833 2366 3894 ueritis
2395 3834 2578 3892 filium
2607 3834 2687 3893 ho
2923 3848 3066 3888 num
3129 3829 3280 3888 filius
3309 3840 3508 3888 manet

603 3925 838 3986 nescitis
858 3925 1017 3986 unde
1044 3927 1222 3989 uenio
1323 3924 1419 3986 *in
1448 3936 1698 4004 peccato
1726 3939 1929 3990 uestro
2170 3928 2346 3986 minis
2365 3958 2379 3973 ·
2439 3937 2577 3986 tunc
2606 3945 2723 4005 cog
2925 3923 2986 3980 in
3015 3934 3319 3981 aeternum
3338 3953 3352 3968 ·
3396 3922 3441 3956 ⁸⁶
3460 3923 3519 3983 Si
3550 3923 3630 3983 fili

602 4029 701 4077 aut
728 4036 851 4095 quo
880 4018 1038 4080 uado
1063 4050 1078 4066 ·
1120 4018 1164 4053 ¹⁸
1181 4019 1311 4082 Uos
1359 4021 1689 4080 moriemini
1708 4052 1723 4068 ·
1785 4022 1885 4083 ubi
2171 4021 2430 4082 noscetis
2511 4022 2649 4097 quia
2677 4041 2794 4099 ego
2924 4035 2994 4076 us
3022 4035 3133 4075 uos
3161 4017 3487 4076 liberauerit

601 4112 931 4174 secundum
960 4123 1188 4174 carne*
1360 4131 1479 4192 ego
1505 4114 1665 4174 uado
1693 4131 1804 4174 uos
1833 4132 1961 4178 non
2173 4133 2302 4174 sum
2384 4125 2441 4175 et
2471 4134 2506 4173 a
2534 4132 2631 4174 me
2660 4117 2792 4193 ipso
2923 4129 3061 4170 uere
3092 4111 3262 4180 liberi,
3286 4111 3442 4169 eritis
3461 4142 3476 4157 ·

599 4206 871 4270 iudicatis
888 4237 903 4253 ·
964 4205 1097 4286 Ego
1122 4224 1255 4268 nen
1360 4208 1606 4286 potestis
1630 4209 1828 4272 uenire
1847 4238 1863 4255 ·
2173 4210 2327 4276 facio
2357 4210 2499 4269 nihil
2564 4209 2684 4271 Sed
2924 4206 2969 4239 ⁸⁷
2988 4205 3123 4268 Scio
3152 4205 3288 4288 quia
3316 4222 3519 4266 semen
