4414 4917
775 331 860 394 90

458 498 584 548 ποι.
604 499 724 550 11⁷.
769 494 816 533 ⁸⁸
834 493 910 554 Et
938 495 1114 556 altera
1142 494 1237 554 die
1263 512 1444 573 proce

770 590 919 649 dens
946 589 1185 667 protulit
1213 590 1293 649 du

772 702 844 744 os
872 684 1143 744 denarios
1212 694 1270 743 et
1298 683 1371 743 de

771 778 855 837 dit
885 778 1196 837 stabulario
1222 810 1237 825 ·

771 882 829 931 et
857 872 935 931 ait
960 872 1037 930 illi
1120 889 1321 930 curam
1350 870 1389 931 il

769 965 880 1025 lius
908 965 1060 1024 habe
1140 976 1197 1023 et
1230 984 1349 1042 quo

769 1079 1022 1138 cumque
1050 1077 1288 1136 superer

766 1154 1066 1231 rogaueris
1150 1171 1263 1228 ego
1291 1171 1354 1212 re

769 1258 1005 1308 uertens
1032 1247 1276 1306 reddam

772 1341 879 1401 tibi
909 1372 924 1387 ·
945 1373 958 1387 ·
1003 1341 1045 1374 ⁸⁶
1063 1339 1214 1411 Quis
1243 1339 1392 1399 horst

771 1436 949 1495 trium
975 1434 1203 1494 uidetur
1229 1434 1272 1492 ti

771 1529 833 1588 bi
862 1529 1166 1606 proximus
1195 1526 1371 1587 fuisse

771 1622 852 1681 illi
878 1623 981 1700 qui
1007 1622 1206 1681 incidit
1235 1622 1296 1679 in
1324 1621 1378 1680 la

775 1726 976 1777 trones
999 1748 1014 1763 ·
1057 1716 1102 1749 ³⁷
1118 1716 1198 1775 At
1227 1715 1317 1774 ille
1345 1715 1446 1773 dix

774 1811 848 1870 sit
930 1810 1030 1887 qui
1060 1809 1194 1869 fecit
1220 1810 1367 1868 mise

773 1904 1084 1963 ricordiarn
1113 1904 1173 1960 in
1208 1903 1306 1963 illo

772 1995 939 2056 Dixit
966 2015 1109 2073 ergo
1138 1996 1216 2055 illi
1245 1997 1333 2055 ihs
1352 2027 1367 2043 ·

777 2091 928 2151 uade
999 2102 1057 2150 et
1085 2101 1147 2149 tu
1177 2090 1267 2150 fac
1298 2090 1429 2149 simi

859 2211 943 2235 ε’·
972 2185 1095 2244 liter
1124 2210 1207 2236 m

717 2279 751 2318 *
777 2279 819 2312 ⁸⁸
838 2280 1083 2339 Factum
1111 2289 1199 2338 est
1226 2288 1420 2338 autem

717 2374 751 2412 *
776 2392 914 2435 cum
942 2376 1089 2433 irent
1112 2405 1127 2419 ·
1187 2384 1245 2433 et
1273 2373 1397 2450 ipse

776 2470 1010 2529 intrauit
1037 2469 1097 2526 in
1125 2469 1383 2546 quodam

890 2562 941 2611 in
965 2562 1098 2611 uiliis

891 2639 943 2689 in
967 2650 1080 2692 nate
1104 2643 1186 2693 sze
1207 2642 1362 2693 marie

778 2732 1080 2792 castellum
1104 2765 1118 2780 ·
1183 2735 1326 2793 muli

778 2844 842 2884 er
867 2838 1064 2885 autem
1093 2828 1389 2904 quaedam
1410 2857 1425 2874 ·

779 2923 1022 2980 nomine
1049 2921 1273 2979 martha
1305 2954 1317 2968 ·

780 3016 1012 3090 excepit
1040 3014 1202 3072 illum
1231 3016 1292 3072 in
1323 3015 1401 3073 do

781 3125 884 3167 mo
904 3125 1009 3166 sua
1029 3139 1043 3154 ·
1062 3107 1191 3166 ⁸⁹Et
1208 3107 1340 3167 huic
1361 3117 1483 3167 erat

782 3219 949 3262 soror
976 3201 1219 3260 nomine

780 3296 965 3354 maria
985 3327 999 3342 ·
1060 3312 1212 3372 quae

780 3389 955 3449 etiam
985 3389 1193 3449 sedens
1223 3405 1391 3448 secus

779 3483 962 3561 pedes
991 3483 1090 3541 dni
1120 3483 1392 3541 audiebat

779 3580 1025 3637 uerbum
1052 3577 1203 3637 illius
1223 3610 1307 3621 —

779 3673 826 3706 ⁴⁰
844 3671 1079 3730 Martha
1105 3681 1302 3730 autem
1332 3681 1457 3731 sata

781 3768 959 3843 gebat
986 3766 1137 3824 circa
1171 3766 1319 3842 pluri

781 3878 945 3920 mum
975 3855 1296 3918 ministeriu
1320 3891 1332 3905 ·

782 3971 932 4033 quae
963 3955 1113 4012 stetit
1138 3964 1194 4012 et
1224 3955 1302 4012 ait
1330 3954 1444 4013 dr'1e

780 4067 904 4109 non
933 4058 1020 4108 est
1048 4049 1147 4107 tibi
1177 4066 1319 4107 cura
1343 4079 1357 4094 ·
1408 4066 1481 4108 eo

781 4143 942 4219 quod
972 4161 1138 4202 soror
1166 4160 1298 4201 mea

781 4237 1009 4314 reliquit
1037 4254 1131 4294 me
1160 4236 1365 4295 solami

782 4330 1026 4389 nistrare
1046 4360 1060 4375 ·
1121 4329 1217 4388 dic
1244 4348 1388 4406 ergo

783 4424 863 4482 illi
892 4434 956 4483 ut
984 4441 1078 4481 me
1108 4422 1375 4481 adiuuet·
1404 4454 1488 4466 —

784 4519 823 4551 ‘¹
847 4517 1241 4593 Respondeas
1270 4526 1464 4575 autem

782 4612 926 4671 dixit
956 4610 1033 4669 illi
1064 4610 1152 4668 ihs
1178 4641 1191 4654 ·
1256 4628 1382 4668 mar

780 4707 882 4766 tha
900 4737 913 4751 ·
975 4705 1203 4781 cogitas

2137 315 2378 380 SECD
2399 350 2411 364 ·

1524 505 1583 556 et
1611 497 1855 558 turbaris
1885 497 1957 558 de
1987 498 2108 557 mul

1523 601 1585 651 ta
1608 622 1622 637 ·
1670 590 1715 624 ⁴²
1729 594 1903 652 unius
1925 604 2119 653 autern
2137 603 2226 652 est

1526 703 1676 762 opus
1697 718 1711 733 ·
1779 686 2069 746 Mariaute

1526 781 1810 857 optimam
1837 792 2062 858 partem

1526 873 1700 950 elegit
1781 893 1932 953 quae
1959 894 2083 935 non
2111 894 2185 934 au

1526 966 1736 1026 feretur
1766 969 1843 1026 illi
1867 1001 1880 1015 ·
1904 1002 1916 1015 ·
1941 1002 1954 1016 ·
1980 1000 1995 1016 ·

1525 1067 1610 1119 11.
1628 1060 1728 1142 {Et
1749 1062 1967 1123 sactum
1985 1074 2073 1123 est
2089 1082 2225 1123 cum

1526 1165 1679 1214 esset
1706 1156 1767 1213 in
1795 1157 2054 1234 quodam
2085 1157 2141 1217 lo

1527 1267 1599 1308 co
1629 1268 1804 1309 orans
1827 1282 1841 1297 ·
1903 1261 1961 1309 et
1989 1269 2123 1310 cum

1526 1345 1777 1403 cessauit
1796 1375 1810 1390 ·
1876 1344 2018 1403 dixit
2043 1364 2085 1404 u

1525 1455 1637 1494 nus
1664 1437 1900 1514 quidam
1929 1457 2001 1497 ex
2031 1439 2119 1499 dis

1528 1531 1736 1607 cipulis
1764 1533 1889 1590 eius
1918 1533 1993 1590 ad
2022 1540 2096 1592 eu

1528 1624 1644 1683 dfie
1674 1623 1821 1685 doce
1851 1644 1961 1685 nos
1989 1645 2157 1686 orare

1529 1719 1679 1778 sicut
1705 1720 1990 1780 iohannes
2022 1721 2099 1781 do

1529 1813 1648 1872 cuit
1677 1813 1994 1890 discipulos
2023 1834 2093 1875 su

1529 1925 1599 1966 os
1624 1938 1637 1953 ·
1701 1903 1723 1937 ²
1746 1907 1888 1966 dixit
1915 1920 2111 1968 autem
2150 1909 2187 1967 il

1528 2000 1597 2058 lis
1681 2019 1816 2059 cum
1845 2004 2020 2061 oratis
2048 2003 2107 2061 di

1531 2097 1641 2156 cite
1664 2132 1676 2145 ·
1700 2129 1711 2143 ·
1740 2131 1752 2144 ·
1800 2098 1969 2156 Pater
1998 2116 2107 2157 nos

1530 2203 1618 2251 ter
1644 2193 1743 2270 qui
1774 2193 1834 2249 in
1863 2192 2037 2250 caelis
2067 2209 2130 2249 es

1531 2287 1817 2359 scificetur
1850 2303 2071 2344 nomen

1531 2390 1697 2440 tuum
1778 2379 1975 2437 ueniat
1998 2397 2100 2456 reg

1532 2493 1676 2535 num
1704 2484 1869 2533 tuum
1894 2504 1907 2520 ·
1967 2473 1988 2506 ³
2006 2473 2107 2532 fiat
2134 2491 2213 2532 uo

1532 2733 1724 2793 luntas
1752 2745 1849 2792 tua
1934 2733 2082 2793 sicut

1535 2829 1596 2886 in
1624 2827 1790 2887 caelo
1818 2837 1874 2885 et
1903 2829 1962 2885 in
1992 2837 2143 2886 terra
2162 2858 2175 2872 ·

1535 2940 1751 2998 panem
1781 2931 2046 2980 nostrum

1535 3016 1893 3074 cotidianum
1923 3016 1998 3075 da
2026 3034 2105 3074 no

1533 3110 1623 3168 bis
1653 3109 1887 3168 cottidie
1947 3110 1967 3140 ⁴
1988 3119 2043 3169 et
2074 3110 2132 3169 di

1533 3204 1695 3262 mitte
1724 3205 1893 3263 nobis
1923 3222 2105 3280 pecca

1533 3308 1592 3357 ta
1622 3308 1821 3356 nostra
1902 3315 2122 3375 quomo

1534 3392 1614 3450 do
1644 3401 1701 3450 et
1729 3392 1840 3468 ipsi
1868 3390 2075 3450 dimitti

1534 3503 1666 3543 mus
1694 3486 1857 3544 omni
1886 3485 2120 3544 debenti

1534 3580 1705 3638 nobis
1737 3612 1749 3624 ·
1803 3589 1859 3638 et
1889 3597 1963 3638 ne
1994 3597 2104 3638 nos

1533 3672 1776 3733 inducas
1804 3674 1865 3731 in
1892 3683 2114 3750 tempta

1535 3767 1756 3824 tionem
1785 3767 1890 3827 sed
1919 3767 2098 3825 libera

1535 3878 1644 3919 nos
1673 3879 1708 3919 a
1735 3861 1894 3920 malo
1910 3893 1993 3904 -—

1533 3955 1556 3986 ⁶
1574 3954 1648 4012 Et
1669 3954 1810 4013 dixit
1833 3955 1907 4012 ad
1928 3973 2032 4014 eos
2103 3955 2232 4030 quis

1532 4059 1789 4107 uestrum
1818 4048 1991 4107 habet
2020 4067 2056 4107 a

1534 4142 1751 4201 micum
1821 4152 1878 4200 et
1906 4143 2008 4200 ibit
2037 4140 2111 4200 ad

1532 4235 1696 4293 illum
1725 4235 1918 4294 media
1947 4245 2120 4294 nocte

1536 4339 1594 4388 et
1623 4329 1775 4388 dicet
1802 4329 1880 4387 illi
1909 4330 2096 4388 amice

1537 4423 1838 4481 commoda
1871 4423 2010 4480 mihi
2042 4434 2155 4481 tres

1538 4534 1721 4594 panes
1746 4548 1759 4562 ·
1818 4517 1997 4594 6(μίῐῐι
2032 4518 2147 4575 ami

1537 4628 1640 4670 cus
1668 4628 1835 4667 meus
1863 4611 2021 4669 uenit
2049 4611 2121 4670 de

1535 4704 1630 4762 uia
1658 4702 1731 4762 ad
1761 4722 1856 4763 me
1924 4716 1979 4764 et
2006 4723 2128 4764 non

2328 497 2519 556 habeo
2548 495 2709 575 quod
2739 502 2899 573 pona

2331 684 2561 744 deintus
2649 701 2868 760 respon

2332 777 2480 836 dens
2511 776 2647 835 dicit
2673 776 2794 836 noli
2821 776 2903 834 mi

2332 869 2391 929 hi
2421 869 2698 928 molestus
2728 887 2856 929 esse
2881 900 2896 915 ·

2333 964 2450 1021 iam
2479 973 2707 1022 osteum
2737 962 2903 1023 clusfi

2332 1065 2422 1115 est
2502 1064 2560 1114 et
2588 1056 2751 1132 pueri
2781 1057 2842 1114 in
2872 1074 2946 1115 cu

2333 1151 2432 1209 bili
2459 1168 2694 1209 mecum
2724 1160 2858 1208 sunt

2333 1263 2455 1303 non
2485 1262 2728 1321 possum
2757 1262 2855 1301 sur

2335 1356 2474 1414 gere
2504 1345 2560 1395 et
2590 1336 2727 1395 dare
2755 1337 2858 1395 tibi

2335 1431 2517 1491 ‘Dico
2547 1431 2718 1489 uobis
2741 1431 2933 1489 sinon
2961 1428 3040 1489 da

2337 1526 2421 1583 bit
2447 1524 2522 1582 illi
2546 1556 2560 1570 ·
2629 1524 2886 1600 Surgens

2337 1636 2411 1678 eo
2439 1618 2598 1696 quod
2626 1618 2851 1677 amicus
2879 1618 3002 1676 eius

2337 1722 2426 1771 est
2507 1721 2747 1788 propter
2776 1712 2834 1769 in

2338 1806 2688 1883 prouitatem
2718 1820 2858 1863 uero

2336 1899 2461 1957 eius
2490 1908 2684 1974 surget
2712 1908 2769 1957 et
2798 1897 2956 1956 dabit

2337 1992 2414 2050 illi
2441 2001 2692 2069 quantos
2721 1992 2843 2050 desi

2338 2085 2502 2144 derat
2524 2116 2538 2131 ·
2561 2116 2574 2131 ·
2600 2117 2614 2131 ·
2647 2086 2669 2118 ⁹
2686 2085 2763 2144 Et
2791 2103 2904 2160 ego
2932 2101 3012 2143 uo

2339 2180 2427 2237 bis
2463 2180 2598 2237 dico
2680 2180 2855 2255 petite
2885 2187 2943 2237 et

2339 2273 2568 2332 dabitur
2596 2274 2764 2331 uobis
2785 2304 2798 2318 ·
2856 2291 2970 2350 que

2340 2368 2446 2425 rite
2477 2377 2534 2425 et
2562 2368 2866 2425 inuenietis
2889 2398 2903 2413 ·

2340 2462 2565 2539 pulsate
2595 2471 2649 2521 et
2671 2461 2865 2539 aperie

2343 2728 2435 2780 tur
2460 2719 2632 2779 uobis
2652 2750 2665 2764 ·
2688 2749 2702 2765 ·
2730 2716 2776 2751 ¹⁰
2794 2717 3005 2778 Omnis

2345 2814 2471 2873 enis
2500 2813 2659 2871 enim
2689 2812 2789 2889 qui
2819 2811 2962 2888 petit

2344 2906 2553 2982 accipit
2577 2936 2590 2950 ·
2656 2905 2734 2964 Et
2763 2906 2860 2982 qui
2890 2922 3005 2982 que

2343 3001 2413 3059 rit
2441 3000 2662 3058 inuenit
2686 3031 2699 3045 ·
2760 2999 2837 3056 Et
2865 2998 2965 3074 pul

2345 3096 2494 3152 santi
2524 3094 2812 3170 aperietur
2833 3125 2917 3137 —

2344 3187 2386 3220 ¹¹
2406 3188 2461 3246 A
2491 3206 2608 3265 quo
2638 3199 2833 3246 autem
2863 3197 3023 3263 patre

2346 3301 2417 3341 ex
2446 3282 2616 3341 uobis
2644 3283 2786 3358 petit
2814 3281 2962 3339 filius

2345 3378 2466 3437 eius
2494 3395 2709 3453 panem
2792 3394 2934 3433 num

2344 3470 2483 3547 quid
2512 3470 2766 3545 lapidem
2794 3487 2904 3545 por

2344 3566 2490 3640 riget
2520 3564 2595 3621 illi
2619 3594 2633 3609 ·
2699 3561 2812 3620 Uel
2841 3563 2919 3621 eti

2344 3677 2440 3716 am
2469 3658 2725 3734 piscem·
2812 3675 2955 3715 num

2345 3752 2484 3830 quid
2512 3770 2619 3829 pro
2647 3752 2806 3828 pisce
2836 3769 2927 3810 ser

2346 3856 2582 3923 pentem
2611 3846 2767 3903 dabit
2790 3846 2865 3903 illi
2884 3879 2965 3887 —

2345 3939 2388 3971 ¹²
2405 3941 2524 3999 Aut
2547 3942 2595 3999 si
2616 3940 2824 3998 Ρθῑίετίῐ
2845 3957 3029 3998 ouum

2346 4035 2629 4112 numquid
2659 4034 2910 4110 porriget

2344 4129 2422 4187 illi
2453 4129 2823 4205 scorpionem
2845 4160 2927 4169 ——

2345 4220 2388 4255 ¹⁸
2409 4223 2467 4282 Si
2486 4241 2629 4299 ergo
2647 4240 2758 4281 uos
2775 4239 2910 4280 cum
2928 4220 3048 4280 sitis

2345 4316 2481 4375 mali
2511 4316 2696 4375 nostis
2725 4317 2884 4373 bona
2913 4314 3048 4373 data

2346 4410 2481 4468 dare
2511 4410 2640 4468 filiis
2668 4409 2873 4468 uestris
2892 4439 2905 4453 ·

2347 4503 2587 4576 Quanto
2616 4503 2803 4578 magis
2831 4511 2994 4578 pater

2345 4609 2538 4656 uester
2568 4597 2639 4656 de
2670 4596 2797 4656 celo
2827 4596 2988 4655 dabit

3357 327 3450 392 [X.
3475 333 3683 394 35-X1.
3707 345 3787 385 21.

3031 497 3062 533 ¹⁸¹
3079 494 3204 555 “Et
3233 506 3356 556 erat
3383 497 3601 557 eiciens
3631 498 3706 557 de

2329 601 2467 651 ante
2494 592 2686 669 ipsum
2710 622 2724 637 ·
2788 590 2811 623 ‘¹
2830 600 2887 649 et
2914 589 3009 650 ille
3034 586 3064 621 ²⁸¹

3086 591 3353 649 monium
3381 601 3441 650 et
3466 590 3610 650 illud

3035 682 3064 716 *
3087 683 3190 742 suit
3219 696 3447 743 mutum
3531 685 3624 744 fac

3036 776 3210 836 *tum
3237 788 3327 837 est
3354 788 3418 838 ut
3445 780 3625 838 exiret

3086 871 3431 931 demonium
3499 871 3637 932 locu

3085 973 3178 1024 tus
3206 974 3294 1023 est
3322 975 3519 1025 mutus
3537 996 3551 1011 ·
3615 975 3674 1025 et

3086 1057 3276 1115 mirati
3305 1068 3439 1117 sunt
3466 1060 3668 1119 turbae

3086 1149 3395 1222 ¹⁶Quidam
3430 1163 3623 1212 autem
3649 1171 3724 1212 ex
3752 1151 3792 1211 il

3086 1244 3155 1303 lis
3186 1244 3453 1304 dixerunt
3539 1248 3600 1305 in

3087 1337 3381 1397 beelzebul
3409 1339 3594 1416 princi

3088 1449 3225 1507 pem
3255 1431 3641 1491 daemoniorfl

3088 1525 3220 1583 eicit
3249 1525 3561 1584 daemonia
3583 1555 3598 1572 ·

3087 1615 3131 1650 ¹⁰
3148 1617 3263 1675 Alii
3290 1629 3487 1677 autem
3515 1627 3738 1678 temtan

3088 1720 3177 1770 tes
3205 1712 3439 1788 signum
3466 1713 3543 1771 ab
3571 1730 3645 1770 eo

3091 1805 3165 1863 de
3194 1806 3321 1864 celo
3351 1807 3673 1883 querebant

3090 1896 3134 1931 ¹⁷
3154 1899 3289 1976 Ipse
3318 1910 3515 1958 autem
3543 1910 3608 1957 ut
3628 1898 3772 1958 uidit

3091 1994 3475 2069 cogitationes
3497 1998 3640 2052 eorfl

3090 2087 3232 2145 dixit
3261 2088 3344 2145 eis
3369 2119 3383 2134 ·
3450 2086 3646 2147 Omne

3089 2199 3335 2257 regnum
3362 2182 3422 2240 in
3454 2200 3515 2240 se
3545 2182 3677 2259 ipst‘t

3091 2275 3342 2334 diuisum
3372 2275 3572 2335 desola

3093 2378 3186 2427 tur
3241 2369 3319 2427 Et
3349 2369 3561 2428 domus
3589 2387 3658 2428 su

3094 2482 3199 2541 pra
3228 2465 3472 2523 domum
3501 2463 3673 2524 cadet

3095 2722 3140 2757 ¹⁸
3157 2723 3218 2783 Si
3239 2733 3435 2781 autem
3457 2729 3515 2781 et
3536 2729 3770 2780 satanas

3097 2829 3342 2877 satanan
3370 2816 3502 2875 eicit
3586 2815 3649 2873 in

3097 2912 3158 2970 in
3187 2910 3564 2986 semetipsum
3593 2907 3652 2966 di

3095 3005 3258 3064 uisus
3285 3013 3373 3062 est
3450 3020 3673 3081 quomo

3096 3099 3176 3158 do
3206 3098 3379 3156 stabit
3404 3114 3654 3173 regnum

3095 3194 3218 3252 eius
3301 3192 3436 3270 quia
3466 3191 3653 3250 dicitis

3095 3293 3237 3365 qfim
3267 3287 3328 3344 in
3357 3285 3653 3344 beelzebul

3092 3381 3417 3457 principem
3446 3379 3660 3439 daemo

3093 3476 3321 3534 niorum
3354 3474 3500 3533 eicio
3528 3472 3637 3533 dae

3094 3569 3293 3627 monia
3314 3599 3328 3614 ·
3392 3566 3437 3601 ²⁹
3454 3568 3615 3645 quod
3644 3568 3692 3627 si

3095 3681 3210 3740 ego
3238 3664 3298 3721 in
3333 3663 3630 3722 beelzebul

3098 3758 3246 3816 eicio
3276 3757 3590 3815 daemonia

3096 3850 3196 3908 filii
3224 3851 3397 3910 uestri
3428 3853 3488 3909 in
3516 3868 3638 3928 quo

3097 3946 3312 4003 eiciunt
3337 3975 3351 3990 ·
3411 3945 3547 4004 ideo
3575 3945 3635 4021 ip

3099 4040 3146 4097 si
3174 4039 3395 4098 iudices
3423 4048 3593 4097 erunt

3097 4133 3274 4192 uestri
3311 4163 3372 4179 ·-
3410 4133 3455 4166 ²⁰
3476 4131 3593 4191 Sed
3624 4132 3670 4191 si

3098 4229 3158 4286 in
3188 4227 3371 4303 digito
3402 4227 3461 4285 di
3490 4244 3604 4303 ego
3633 4225 3740 4285 eici

3099 4339 3138 4381 o
3168 4321 3479 4380 daemonia
3505 4321 3656 4397 utiqs

3098 4416 3399 4493 praeuenit
3423 4415 3482 4473 in
3509 4432 3620 4473 uos

3100 4528 3347 4587 regnum
3370 4508 3430 4567 dr
3451 4542 3462 4554 ·
3487 4541 3500 4556 ·
3523 4540 3535 4555 ·
3587 4505 3630 4540 ²¹
3650 4509 3804 4568 Cum

3101 4604 3264 4664 sortis
3292 4614 3549 4663 armatus

2348 4697 2480 4768 spm
2491 4697 2612 4750 sem
2624 4691 2951 4767 petentibus
2961 4707 3022 4748 sc
3034 4697 3365 4758 s»custodit
3398 4698 3543 4756 atriu
3573 4703 3681 4756 sut-1

2589 4810 2913 4837 mm

3814 508 3941 557 1⁸01.
3965 508 4082 558 118.
