4414 4917
879 2317 942 2353 10

884 2964 939 3013 ¹5

883 3613 946 3646 20

1954 457 2487 519 FRAGMENTA

1422 711 1634 776 Tertii
1674 708 2117 793 quaternionis
2143 708 2395 791 folium
2440 708 2740 790 quintum
2786 701 3041 790 (uerso).

1909 918 2051 982 Fol.
2101 936 2185 998 49
2209 919 2254 981 b
2298 916 2324 1002 (
2350 916 2541 1003 Wh.).

1393 1126 1456 1179 (3)
1483 1138 1549 1192 et
1595 1147 1800 1209 erugo
1846 1147 2075 1191 eorum
2123 1128 2187 1189 in
2235 1137 2337 1190 tes

1390 1257 1579 1322 uobis
1626 1267 1694 1322 et
1741 1256 2166 1321 manducabit
2213 1276 2439 1321 carnes
2483 1266 2736 1320 uestras

1390 1387 1557 1450 sicut
1603 1386 1769 1468 ignis
1815 1383 2363 1471 thesauri(z)astis
2410 1385 2474 1447 in
2523 1385 2765 1448 nouissi

1396 1516 1520 1579 mis
1565 1515 1800 1579 diebus
1844 1512 2045 1579 4ecce
2091 1534 2343 1579 merces
2389 1515 2768 1595 operation]

1397 1644 1505 1726 qui
1554 1653 1966 1707 messuerunt
2013 1643 2309 1727 regiones
2355 1652 2607 1707 uestras

1395 1772 1504 1854 qui
1551 1771 1889 1836 fraudatus
1934 1783 2036 1836 est
2081 1792 2122 1835 a
2167 1771 2357 1836 uobis
2402 1770 2648 1834 clamat
2693 1781 2759 1834 et

1393 1901 1642 1965 clamor
1687 1901 1975 1983 ipsorum
2026 1901 2093 1963 in
2138 1920 2330 1964 aures
2376 1899 2491 1962 dr‘li
2537 1899 2817 1962 sabaoth

1396 2029 1688 2094 introiuit
1733 2028 2073 2112 ³aepulati
2119 2028 2277 2093 estis
2321 2047 2519 2109 super
2561 2033 2734 2092 terra

1393 2167 1459 2222 et
1507 2157 1842 2222 iucundati
1889 2159 2045 2221 estis
2091 2157 2429 2221 enutristis
2474 2157 2678 2220 corda

1398 2299 1614 2351 uestra
1662 2288 1725 2349 in
1771 2287 1950 2351 diem
1998 2286 2342 2351 occisionis
2388 2285 2697 2350 “addixis

1397 2418 1482 2481 tis
1527 2415 1855 2482 occidistis
1902 2416 2145 2481 iustum
2193 2437 2327 2481 non
2374 2415 2611 2482 restitit
2658 2437 2744 2480 uo

1398 2547 1498 2610 bis
1545 2580 1560 2594 ·
1607 2544 1871 2628 ⁷aequo
1915 2546 2135 2609 animo
2180 2556 2395 2611 estote
2439 2545 2533 2609 fra

1396 2686 1530 2739 tres
1576 2676 1661 2739 ad
1708 2675 2068 2738 aduentum
2116 2675 2233 2737 dfii
2280 2705 2295 2720 ·
2335 2694 2489 2738 ecce
2534 2675 2671 2756 agri

1396 2803 1542 2868 cola
1589 2813 1904 2886 expectat
1952 2803 2357 2886 praetiosum
2406 2804 2656 2867 fructu.

1400 2945 1610 2996 terrae
1698 2952 1914 3014 aequo
1959 2932 2180 2995 animo
2229 2932 2438 2996 ferens
2485 2933 2573 2996 do

1399 3081 1521 3126 nec
1566 3061 1843 3143 accipiat
1890 3070 2027 3125 tem

1399 3320 1462 3369 (³)
1484 3319 1869 3385 confirmate
1913 3322 2115 3386 corda
2161 3332 2380 3386 uestra
2424 3323 2667 3404 quonia

1398 3450 1728 3515 aduentus
1770 3450 1880 3514 dni
1923 3450 2481 3533 adpropinquauit
2525 3453 2550 3486 ⁰
2579 3452 2711 3516 noli

1399 3590 1467 3643 te
1514 3579 1959 3662 ingemescere
2004 3579 2234 3643 fratres
2283 3579 2406 3644 mei
2454 3580 2519 3643 in
2565 3580 2625 3643 al

1403 3718 1724 3772 terutrum
1773 3720 1846 3772 ut
1893 3728 2024 3771 non
2075 3708 2448 3773 indicemini
2496 3729 2648 3774 ecce

1401 3839 1603 3902 iudex
1650 3849 1804 3902 ante
1855 3838 2116 3902 ianuam
2163 3839 2424 3904 adsistit
2478 3839 2737 3902 '‘'excm

1400 3968 1585 4050 plum
1634 3967 1907 4049 accipite
1955 3968 2185 4030 fratres
2539 3969 2692 4032 mali

3114 1019 3244 1082 Iac.
3276 1039 3334 1083 v.
3371 1035 3455 1101 3—
3471 1035 3497 1079 1
3514 1035 3575 1081 1.
