4414 4917
895 443 978 505 52
1815 427 2227 486 EDITORIS
2277 426 2682 486 NOTULAE

898 598 979 657 Ρ.
1012 615 1104 669 24.
1148 594 1215 653 F
1206 596 1276 656 ol.
1323 610 1397 672 73
1416 615 1471 656 α.
1555 596 1796 673 Pagina
1836 596 2190 674 perdzfficilzls·
2243 597 2400 655 lectu.
2641 596 2681 654 Ι.
2741 614 2811 668 14
2860 595 3252 655 iactauerunt:
3323 596 3606 656 miserunt

1071 695 1261 754 Tisch.
1505 697 1546 753 l.
1583 710 1650 769 17
1685 696 1898 754 necubi
1926 697 2025 754 in:
2070 696 2231 754 sicco
2257 695 2390 754 loco
2432 694 2494 752 T
2480 695 2635 765 isch„
2663 695 2763 752 sed
2795 701 2877 752 es!
2904 701 2971 752 ut
3005 696 3163 753 credo
3191 695 3405 754 necubi
3431 695 3490 753 in
3519 695 3612 752 uel

1065 796 1175 853 tale
1205 795 1356 870 quid.
1521 796 1559 852 l.
1597 797 1668 852 18
1698 795 1883 871 puppi
1928 793 2113 853 Tisch.
2284 795 2321 851 l.
2354 813 2430 852 20
2459 794 2684 865 nautis;
2727 794 2919 851 nantis
2947 795 3110 871 lapsu
3145 793 3329 851 Tisch.
3465 795 3505 853 l.
3534 810 3605 864 24

1067 904 1415 969 quaerentes
1449 903 1751 970 tamquam
1781 911 1816 951 a
1845 911 2019 969 prora
2041 912 2057 964 ;
2102 893 2185 950 isa
2218 891 2415 951 Codex
2448 899 2513 950 ut
2544 893 2719 961 credo,
2746 893 2844 950 sed
2863 896 3148 968 scriptura
3163 902 3341 968 paene
3365 894 3609 951 euanuit.

905 992 982 1051 P.
1029 1010 1059 1049 2
1069 1007 1122 1065 5.
1165 989 1290 1049 Fol.
1336 1007 1411 1066 55
1454 1012 1511 1049 a.
1592 991 1830 1068 Pagina
1860 992 2219 1069 perdgfficiltk
2236 993 2394 1049 lectu.
2634 992 2675 1048 Ι.
2726 1009 2750 1048 1
2799 990 3063 1049 missuri:
3127 1009 3162 1049 a
3204 1009 3379 1067 prora
3428 992 3472 1050 1
3477 992 3611 1049 iveti.

1071 1092 1108 1147 l.
1141 1092 1177 1147 6
1207 1090 1459 1167 scaphae
1491 1090 1676 1148 Tisch.

906 1189 984 1251 Ρ.
1019 1191 1110 1246 28.
1152 1187 1222 1245 F
1214 1190 1281 1246 ol.
1318 1192 1393 1262 48
1413 1190 1466 1249 b.
1547 1189 1788 1265 ,Pagina
1822 1189 2172 1266 perdtffict'ltk
2201 1189 2335 1246 lectu
2358 1208 2389 1255 ,·
2430 1186 2599 1246 uerba
2625 1207 2765 1263 quae
2791 1188 2951 1245 unct}
2976 1189 3341 1249 includuntur
3367 1192 3481 1248 uix
3506 1187 3623 1262 legi

1063 1293 1311 1363 possunt.

911 1403 988 1463 Ρ.
1016 1422 1051 1478 3
1065 1421 1113 1460 1.
1152 1401 1222 1459 F
1212 1404 1279 1463 ol.
1314 1407 1389 1477 56
1410 1403 1456 1461 b.
1538 1405 1578 1461 l.
1611 1423 1644 1479 3
1682 1403 1870 1462 Tisch.
1902 1410 2070 1479 putat
2108 1402 2168 1460 in
2212 1402 2451 1460 breuiter
2476 1405 2745 1479 scriptum
2774 1421 2886 1460 esse
2915 1382 2984 1496 ἐς
3038 1407 3137 1463 sed
3177 1405 3374 1465 Codex
3400 1401 3619 1460 uidetur

1074 1523 1222 1581 mihi
1242 1522 1300 1579 in
1328 1522 1541 1582 habere.
1745 1524 1787 1584 l.
1821 1522 1856 1580 6
1887 1523 2022 1581 ihu:
2067 1522 2147 1581 itu
2176 1523 2339 1598 lapsu
2377 1523 2564 1582 Tt'sch.
2771 1526 2810 1583 l.
2842 1529 2876 1583 8
2892 1534 3029 1603 post
3051 1544 3199 1602 quae
3228 1531 3399 1600 putat
3432 1519 3617 1577 Tisch.

1077 1622 1153 1679 ab
1181 1640 1255 1680 eo
1296 1622 1469 1697 legere
1493 1632 1656 1697 posse
1674 1642 1705 1688 ,·
1761 1623 2001 1697 equidem
2046 1622 2196 1679 nihil
2234 1623 2410 1680 uideo.
2655 1624 2695 1682 l.
2734 1641 2801 1696 14
2836 1637 3097 1684 uestros:
3153 1637 3384 1683 nostros
3431 1617 3620 1676 Tisch.

1076 1721 1115 1778 l.
1143 1738 1213 1795 15
1237 1739 1270 1777 e
1288 1722 1349 1777 in
1367 1720 1612 1779 audietis
1639 1732 1914 1798 superscr.
1940 1740 2088 1778 corr.
2118 1741 2192 1781 m.
2219 1731 2277 1796 p.
2300 1740 2316 1792 3
2364 1720 2605 1780 audietis
2631 1723 2960 1799 simpliciter
2985 1723 3171 1781 Tisch.
3307 1722 3346 1779 l.
3380 1738 3456 1777 20
3479 1718 3625 1774 inter

1080 1818 1154 1877 de
1180 1826 1234 1875 et
1256 1829 1462 1878 uerunt
1489 1822 1729 1895 spatium
1759 1822 1933 1895 quasi
1954 1835 1988 1893 5
2018 1822 2356 1877 lt‘lterarum.
2537 1822 2576 1879 l.
2611 1839 2640 1878 2
2656 1840 2678 1877 1
2721 1830 2850 1897 post
2876 1823 3110 1881 auribus
3138 1822 3284 1878 uidit
3315 1816 3501 1876 Tisch.
3532 1832 3625 1871 au.

915 1918 994 1976 P.
1027 1935 1122 1992 32.
1152 1916 1219 1973 F
1212 1918 1279 1974 ol.
1307 1920 1382 1991 56
1406 1936 1460 1975 a.
1542 1918 1778 1995 Pagina
1795 1919 2147 1996 perdg'ffict'lis·
2167 1921 2321 1976 lectu.
2403 1918 2590 1977 A'olat
2619 1918 2805 1978 Tz'sch.
2828 1921 2970 1979 ‘Die
2989 1968 3003 1982 .
3031 1965 3045 1979 .
3070 1965 3085 1979 .
3108 1920 3253 1979 Seite
3279 1916 3492 1975 entholt
3514 1932 3627 1970 nur

1081 2015 1219 2072 noch
1251 2015 1327 2090 6}
1358 2015 1564 2086 Zeilen‚
1593 2018 1838 2093 worauf
1864 2018 1970 2074 das
1996 2024 2029 2050 ‘⁶
2048 2014 2296 2093 explic.''
2328 2019 2425 2092 ᾀτ.
2447 2019 2628 2093 solgt.
2718 2017 2875 2076 Olme
2915 2019 3159 2096 Zweffel
3174 2017 3335 2093 fehlt
3362 2014 3538 2072 daher
3566 2013 3626 2068 in

1081 2132 1329 2170 unserem
1358 2113 1758 2190 Palt‘mpsesten
1787 2116 1885 2172 der
1916 2134 2010 2189 29.
2056 2114 2186 2173 Vers
2213 2116 2399 2173 ebenso
2425 2119 2532 2173 wie
2559 2120 2621 2173 in
2650 2117 2784 2174 Am.
2820 2119 2943 2175 und
2962 2114 3164 2176 Laud.'

920 2236 996 2296 P.
1030 2254 1124 2312 33.
1153 2235 1220 2292 F
1213 2236 1281 2297 ol.
1315 2252 1385 2311 72
1407 2256 1462 2295 α.
1531 2237 1569 2298 l.
1605 2257 1627 2294 1
1659 2237 1851 2296 duode
1890 2235 1899 2315 Ι
1937 2248 2056 2296 cem
2087 2240 2170 2295 sic
2187 2239 2452 2317 scriptum
2474 2246 2529 2297 et
2543 2240 2785 2297 diuisum
2814 2241 2972 2299 credo
2988 2262 3019 2309 ‚·
3071 2239 3253 2297 Tisch.
3281 2239 3445 2297 hobel
3467 2214 3631 2330 ‘¹2:³¹3‘

1083 2361 1166 2418 ad
1200 2362 1419 2418 im'tium
1461 2362 1730 2419 secundae
1770 2363 1869 2419 lin.
1910 2370 1962 2419 et
1999 2369 2153 2419 notat
2193 2367 2207 2393 ‘
2224 2382 2285 2420 so
2325 2365 2385 2420 in
2425 2360 2572 2422 MS.
2612 2361 2997 2440 geschrz'eben!
3268 2363 3308 2419 l.
3361 2382 3379 2419 1
3397 2383 3426 2420 2
3473 2366 3631 2421 abun

1091 2456 1326 2540 ldanter
1346 2463 1430 2518 sic
1450 2463 1623 2530 credo,
1647 2481 1756 2518 non
1778 2461 2078 2520 affluenter
2096 2470 2160 2519 ut
2182 2464 2308 2521 uult
2330 2461 2523 2520 Belsh.
2688 2465 2725 2521 I.
2757 2467 2826 2521 16
2851 2462 3230 2522 assimieletur
3256 2464 3339 2519 sic
3366 2466 3631 2538 scrt'ptum

1086 2561 1261 2618 credo.
1354 2552 1426 2633 i9
1457 2579 1535 2636 go
1563 2561 1791 2619 estimet
1820 2563 1900 2618 ita
1935 2559 2132 2618 Codex
2158 2569 2225 2618 ut
2248 2562 2405 2618 credo
2424 2582 2452 2628 ‚·
2494 2562 2596 2618 sed
2614 2565 2899 2638 scriptura
2921 2573 3094 2638 paene
3120 2564 3364 2618 euanuit.

922 2658 1000 2717 Ρ.
1034 2678 1129 2735 34.
1172 2658 1299 2717 Fol.
1334 2675 1406 2734 72
1430 2660 1478 2718 b.
1562 2661 1601 2717 l.
1633 2679 1667 2731 4
1699 2659 1921 2736 deperit
1949 2661 2027 2718 ita
2054 2663 2138 2718 sic
2184 2658 2381 2718 Codex
2423 2667 2487 2718 ut
2522 2662 2698 2730 credo,
2726 2662 2826 2718 sed
2859 2664 3146 2736 scre'ptura
3180 2671 3351 2735 paene
3391 2661 3636 2718 euanuit.

1088 2759 1127 2815 l.
1178 2776 1247 2829 14
1293 2777 1396 2815 om.
1438 2768 1751 2834 temptatur
1793 2760 1986 2817 codex.
2249 2758 2287 2817 l.
2338 2773 2408 2833 15
2453 2769 2593 2818 tunc
2644 2762 2725 2817 ita
2779 2758 2977 2818 Codex
3021 2759 3197 2828 credo,
3248 2777 3358 2815 non
3407 2758 3635 2816 deinde.

1091 2857 1149 2914 Il.
1185 2875 1275 2930 19,
1310 2876 1385 2914 20
1427 2875 1616 2915 errare
1647 2856 1848 2916 fratres
1878 2858 1992 2915 mei
2026 2900 2038 2913 .
2070 2902 2083 2915 .
2113 2902 2126 2916 .
2157 2856 2359 2915 datum
2403 2877 2519 2934 op:
2571 2859 2729 2917 credo
2752 2860 2835 2916 sic
2864 2861 2923 2916 in
2959 2857 3156 2917 Codice
3184 2859 3454 2933 scrtjtum
3483 2877 3636 2923 esse,-

1090 2955 1187 3012 sed
1206 2956 1376 3012 uerba
1392 2966 1570 3030 paene
1597 2961 1961 3013 euanuerunt.

930 3054 1003 3112 Ρ.
1042 3056 1137 3128 36.
1180 3052 1310 3111 Fol.
1346 3069 1413 3128 71
1438 3075 1493 3112 a.
1575 3056 1611 3114 l.
1651 3074 1669 3111 1
1707 3057 1867 3112 credo
1896 3054 2228 3131 religiosum
2260 3073 2322 3112 es
2350 3057 2447 3114 sed
2479 3057 2766 3132 scriptura
2802 3066 2980 3132 paene
3006 3057 3249 3113 euanuit.
3495 3056 3533 3111 l.
3574 3073 3592 3110 1
3613 3073 3631 3110 1

1093 3159 1219 3209 ante
1259 3152 1475 3227 gloriae
1505 3160 1639 3211 sunt
1675 3156 1814 3211 duae
1853 3156 2086 3222 litterae,
2108 3155 2331 3231 forsan
2373 3164 2448 3212 et.
2694 3156 2733 3212 Ι.
2775 3171 2840 3227 17
2875 3166 2933 3212 et
2963 3155 3014 3212 ei
3045 3153 3305 3211 dixeritis
3333 3154 3415 3209 ιἸιι
3448 3152 3644 3211 Codex

1094 3251 1269 3321 credo,
1299 3252 1399 3308 sed
1431 3254 1722 3328 scriptura
1748 3264 1926 3330 paene
1952 3255 2194 3309 euanuit.
2444 3253 2484 3312 l.
2521 3271 2595 3310 20
2623 3259 2764 3311 eorl]
2794 3254 2952 3310 credo
2986 3272 3093 3310 non
3123 3257 3325 3310 meori'i
3348 3270 3361 3320 ;
3406 3253 3644 3325 uestegria

1097 3366 1158 3406 m
1189 3350 1429 3407 initiale&
1457 3352 1707 3409 inuenire
1741 3372 1848 3409 non
1876 3354 2055 3426 potui.
2322 3352 2359 3408 l.
2410 3367 2481 3424 25
2516 3351 2737 3409 Desunt
2774 3353 2835 3408 in
2883 3350 3081 3410 Codice
3121 3357 3186 3406 ut
3222 3351 3445 3407 uidetur
3486 3348 3646 3426 quod

1096 3449 1424 3524 repromisit
1452 3451 1598 3510 deus
1627 3451 1992 3527 diligentibus
2015 3469 2076 3509 se
2107 3467 2217 3508 uos
2246 3462 2439 3508 autem
2470 3446 2874 3508 exhonorastis
2904 3467 3238 3526 pauperem.

934 3548 1010 3606 P.
1043 3564 1136 3623 37.
1183 3548 1309 3606 Fol.
1341 3548 1452 3620 42*
1478 3549 1526 3607 b.
1610 3549 1705 3607 Ita
1735 3547 2070 3625 lcgt'tBelsh.
2102 3551 2160 3607 ll.
2201 3553 2392 3621 18-24
2424 3549 2623 3607 cordia
2653 3549 2927 3606 iudicium
2960 3582 2973 3594 ·
3007 3547 3145 3624 quid
3175 3546 3427 3623 proderit
3450 3545 3649 3604 fratres

1096 3651 1104 3729 Ι
1142 3652 1189 3710 si
1227 3651 1398 3709 fidem
1445 3651 1575 3728 quis
1615 3668 1676 3707 se
1720 3650 1871 3708 dicat
1902 3695 1914 3706 .
1946 3694 1960 3708 .
1992 3691 2006 3707 .
2044 3646 2053 3726 Ι
2091 3667 2212 3706 non
2256 3648 2428 3706 habet
2461 3681 2473 3693 ·
2505 3647 2787 3723 numquid
2818 3646 2961 3705 fides
2990 3691 3004 3704 .
3125 3644 3133 3723 Ι
3170 3663 3305 3704 eum
3337 3678 3349 3691 ·
3383 3645 3429 3702 si
3459 3657 3649 3702 autem
3720 3639 3725 3642 ’

1100 3750 1270 3807 frater
1309 3761 1362 3808 et
1393 3768 1553 3808 soror
1599 3794 1612 3806 .
1657 3792 1670 3805 .
1717 3793 1728 3805 .
1768 3746 1776 3825 Ι
1814 3760 1872 3806 et
1901 3747 2198 3823 indigeant
2240 3748 2463 3805 uictum
2504 3764 2623 3823 quo
2656 3789 2669 3802 .
2707 3790 2720 3804 .
2760 3790 2772 3802 .
2810 3747 2819 3822 Ι
2859 3746 3010 3804 dicat
3040 3756 3234 3803 autem
3262 3743 3469 3820 aliquis
3501 3787 3513 3799 .
3545 3787 3559 3801 .
3592 3786 3603 3797 .
3640 3743 3647 3816 l

1099 3848 1477 3907 calefacimini
1508 3858 1563 3906 et
1594 3858 1719 3906 satu
1753 3890 1765 3903 .
1799 3891 1810 3905 .
1842 3891 1853 3903 .
1886 3846 2160 3923 Equidem
2191 3848 2343 3904 m'hil
2365 3848 2539 3922 legere
2560 3847 2729 3921 potui,
2760 3852 2810 3902 cl
2828 3844 2995 3902 uerba
3014 3863 3137 3901 cum
3157 3845 3384 3919 pagina
3413 3843 3663 3917 seqmntt'

1103 3950 1324 4004 minime
1349 3953 1679 4023 congruunt.

940 4055 1015 4113 Ρ.
1051 4059 1144 4127 38.
1190 4054 1315 4111 Fol.
1350 4052 1459 4125 42*
1480 4073 1536 4110 α.
1618 4055 1656 4111 Ι.
1687 4056 1720 4110 6
1754 4070 1810 4110 m
1844 4055 1904 4110 in
1936 4052 2109 4111 fidem
2139 4053 2363 4109 addaedit
2393 4062 2515 4127 sup.
2543 4052 2643 4108 le'n.
2674 4069 2821 4107 corr.
2852 4070 2923 4109 m.
2944 4061 3007 4125 p.
3229 4050 3267 4108 I.
3307 4068 3377 4107 10
3410 4047 3550 4106 sacis
3578 4049 3659 4104 st'c

1105 4155 1264 4210 credo
1296 4153 1507 4222 Codex,
1539 4160 1603 4209 ut
1627 4154 1762 4226 legit
1785 4151 1973 4209 Belsh.
2222 4153 2259 4208 l.
2301 4154 2367 4208 16
2388 4159 2521 4224 post
2546 4150 2724 4208 filium
2756 4151 2919 4206 addit
2942 4169 3046 4207 von
3078 4146 3419 4224 Eichenfeld
3455 4163 3621 4207 suum
3647 4169 3657 4208 :

1107 4254 1204 4309 scd
1228 4253 1378 4309 m'ln'l
1404 4254 1653 4309 inuenire
1668 4253 1843 4327 potui,
1875 4259 1924 4308 ct
1948 4252 2186 4327 spatium
2218 4252 2435 4307 arctius
2463 4257 2555 4309 cst.
