4414 4917
835 2324 896 2359 10

838 2968 897 3018 ¹5

839 3616 902 3651 20

1770 471 2475 532 UINDOBONENSIA
2530 461 2616 551 (s)

3452 491 3529 552 41

1339 720 1344 726 ’
1376 719 1591 785 Tertii
1630 722 2075 803 quaternionis
2101 721 2355 803 folium
2399 730 2710 803 quartum
2754 717 2994 807 (recto).

1728 929 1876 993 Fol.
1921 943 2069 1012 54a
2115 926 2215 1016 (T
2209 929 2384 1004 isch„
2436 926 2627 1015 Wh.).

1351 1136 1443 1188 (¹³)
1463 1140 1634 1203 inter
1679 1160 1799 1204 uos
1846 1142 2157 1206 ostendat
2199 1163 2287 1205 ex
2335 1142 2511 1206 bona
2555 1160 2682 1205 con

1352 1270 1722 1334 uersatione
1767 1271 2218 1351 operationem
2268 1290 2456 1334 suam

1351 1397 1418 1459 in
1469 1398 1968 1463 mansuetudine
2012 1399 2381 1483 sapientiae

1181 1523 1231 1561 ¹⁴
1259 1525 1458 1608 Quod
1505 1526 1559 1589 si
1607 1525 1820 1590 zelum
1868 1547 2169 1592 amarum
2219 1527 2478 1593 habetis
2524 1541 2593 1595 et

1350 1656 1809 1721 contentiones
1854 1656 1921 1720 in
1966 1657 2275 1723 cordibus
2322 1659 2559 1724 uestris

1353 1783 1553 1849 nolite
1596 1784 1861 1868 gloriari
1910 1794 1976 1849 et
2021 1787 2374 1851 mendaces
2420 1788 2489 1851 es

1349 1933 1422 1977 se
1465 1914 1549 1977 ad
1598 1933 1858 1978 uersum
1906 1915 2255 1979 ueritatem
2303 1914 2356 1953 ¹⁵
2373 1936 2506 1982 non

1352 2052 1452 2105 est
1498 2041 1613 2105 i⁸ta
1658 2043 1982 2126 sapientia
2025 2043 2367 2108 desursum
2418 2044 2536 2109 des

1352 2170 1638 2234 cendens
1685 2172 1802 2235 sed
1848 2181 2106 2236 terrena
2150 2172 2370 2238 anima

1349 2297 1430 2360 lis
1474 2298 1796 2363 diabolica
1842 2298 1895 2337 ¹⁶
1920 2299 2032 2364 ubi
2080 2301 2255 2363 enim
2304 2302 2482 2367 zelus
2527 2312 2593 2367 et

1352 2428 1695 2493 contentio
1743 2428 1831 2493 ibi
1881 2429 2322 2495 inconstantia
2367 2442 2434 2495 et

1354 2576 1551 2620 omne
1596 2577 1766 2640 opus
1810 2577 2089 2640 prauum
2137 2555 2188 2594 ¹⁷
2214 2578 2385 2641 quae
2429 2581 2514 2625 au

1353 2694 1488 2748 tem
1536 2686 1876 2750 desursum
1926 2696 2023 2751 est
2068 2688 2395 2770 sapientia

1355 2814 1640 2894 primum
1687 2812 1952 2898 qu¹dem
2000 2816 2244 2898 pudica
2288 2826 2388 2881 est
2432 2818 2586 2882 dein

1355 2944 1439 3007 de
1485 2942 1756 3027 pacifica
1804 2946 2108 3010 modesta
2153 2946 2496 3012 suadibilis

1353 3072 1552 3156 plena
1590 3073 2035 3139 misericordia
2067 3081 2148 3138 'et
2184 3073 2376 3139 fructi

1355 3203 1479 3266 bus
1525 3202 1715 3267 bonis
1761 3221 1893 3267 non
1943 3201 2239 3267 iudicans
2284 3203 2425 3268 sine

1355 3331 1776 3397 simulatione
1822 3365 1837 3380 ·
1888 3329 1942 3371 ¹⁸
1969 3333 2251 3397 Fructus
2297 3353 2381 3397 au

1357 3471 1490 3525 tem
1542 3461 1831 3526 iustitiae
1878 3462 1944 3525 in
1991 3481 2155 3544 pace
2198 3462 2453 3527 semina

1363 3598 1470 3653 tur
1513 3587 1905 3654 facientibus
1949 3609 2184 3671 pacem
2234 3623 2250 3639 ·
2298 3589 2319 3627 ¹
2346 3590 2438 3656 Et
2487 3612 2573 3655 un

1360 3718 1444 3782 de
1489 3718 1666 3782 bella
1711 3728 1779 3782 et
1826 3718 1976 3783 lites
2023 3719 2088 3782 in
2136 3718 2326 3782 uobis
2376 3751 2390 3767 ·
2440 3739 2573 3784 non

1357 3868 1441 3912 ne
1488 3847 1641 3911 hinc
1687 3868 1775 3912 ex
1824 3847 2374 3929 concupiscentiis
2420 3868 2536 3914 ues

1356 3977 1476 4041 tris
1522 3986 1677 4060 qu⁸e
1738 3977 2022 4042 militant
2071 3978 2134 4041 in
2184 3978 2496 4044 membris

1360 4107 1592 4171 uestris
1637 4104 2223 4192 ²concupiscentes
2268 4117 2334 4172 et
2383 4129 2516 4172 non

1358 4236 1614 4300 habetis
1661 4237 1958 4301 occiditis
2006 4246 2070 4301 et
2119 4238 2348 4303 zelatis

2937 1034 3072 1099 Iac.
3097 1022 3188 1099 iii.
3224 1034 3439 1120 13—iV.
3476 1051 3537 1099 2.
