4414 4917
2174 319 2415 382 SECD
2447 355 2461 370 ·
3494 330 3609 395 [v1.
3633 277 3825 400 29-5ἐ·

812 340 935 389 120

3115 504 3303 554 tastna
3330 513 3458 556 esse
3483 528 3497 542 ·
3562 496 3608 530 ⁶⁰
3624 497 3703 556 Et
3728 516 3803 557 ex
3847 517 3970 566 ποι.
3993 518 4102 568 171.

3115 589 3516 649 clamauerunt
3539 602 3648 651 'om

3115 701 3220 743 nes
3304 693 3362 743 et
3389 688 3674 745 conturba
3726 710 3735 719 ·

2364 503 2421 554 et
2450 494 2601 554 duos
2630 495 2822 572 pisces
2856 494 2914 554 di

2361 588 2497 647 uisit
2523 589 2796 649 omnibus
2816 620 2830 635 ·

2361 681 2502 741 «zEt
2530 683 3032 743 manducauerunt

1558 496 1695 574 quia
1722 496 1982 555 desertus
2008 504 2097 555 est

1556 589 1720 650 locus
1745 621 1759 637 ·
1843 599 1901 649 et
1928 589 2074 649 hora
2101 588 2219 647 iam

1555 685 1806 761 preteriit
1825 715 1839 730 ·
1918 684 2093 742 etiam

506 510 631 561 rol.
654 512 775 563 1'10.
800 499 924 559 eius
991 507 1050 558 et
1077 497 1320 574 inposue

801 602 936 653 runt
964 592 1105 652 illud
1132 593 1192 651 in
1222 608 1324 650 mo

798 696 1081 746 numento
1102 717 1116 733 ·
1142 717 1157 733 ·
1175 719 1260 728 —

795 780 842 815 '⁰
857 781 937 840 Et
965 781 1379 841 conuenientes

794 875 1052 953 apostoli
1080 874 1158 933 ad
1185 873 1305 932 ihm

791 969 1271 1029 renuntiauerunt

794 1063 872 1122 illi
901 1064 1101 1123 omnia
1129 1080 1278 1140 quae
1307 1079 1417 1138 ege

793 1166 925 1216 rant
950 1166 1008 1215 et
1036 1155 1353 1216 docuerant
1372 1185 1387 1201 ·
1407 1185 1452 1199 -

793 1249 838 1284 ³¹
859 1250 937 1309 Et
964 1250 1043 1309 ait
1063 1249 1169 1308 illis
1196 1249 1285 1308 ihs
1305 1280 1319 1295 ·
1362 1249 1497 1307 ueni

793 1353 851 1404 te
879 1362 989 1404 uos
1018 1356 1239 1403 secreto
1268 1344 1329 1401 in

794 1437 992 1497 locum
1020 1436 1310 1497 desertum
1326 1469 1411 1479 —

797 1530 874 1590 Et
900 1531 1240 1608 requiescite
1268 1549 1351 1607 pu

797 1625 987 1686 sillum
1012 1656 1027 1672 ·
1110 1625 1294 1684 Erant

795 1721 955 1779 enim
984 1720 1083 1797 qui
1112 1720 1272 1778 ibant
1300 1728 1358 1778 et

795 1814 1093 1874 rediebant
1120 1814 1285 1872 multi
1316 1845 1331 1861 ·

794 1906 874 1966 Et
902 1926 1011 1966 nec
1040 1907 1179 1967 dum
1208 1907 1429 1966 mandu

793 2002 966 2062 candi
994 2001 1245 2078 spatium
1275 2001 1351 2060 ha

792 2095 1011 2155 bebant
1030 2126 1044 2141 ·
1065 2126 1080 2142 ·
1102 2126 1117 2142 ·
1161 2092 1207 2127 ⁸¹
1226 2093 1304 2153 Et
1331 2113 1397 2154 as

792 2188 1111 2249 cendentes
1138 2189 1199 2246 in
1228 2194 1380 2248 naue

791 2284 1053 2342 abierunt
1081 2283 1142 2340 in
1170 2282 1333 2341 deser

791 2384 917 2437 tum
935 2377 1130 2436 locum
1160 2382 1357 2436 seorsti
1382 2407 1397 2423 ·

790 2508 930 2568 ”Et
957 2509 1226 2568 uiderunt
1254 2527 1357 2569 eos
1386 2511 1495 2570 abe

791 2614 962 2663 untes
988 2614 1046 2663 et
1075 2622 1345 2680 cognoue

790 2707 926 2757 runt
951 2715 1055 2757 eos
1084 2697 1251 2756 multi
1275 2728 1289 2743 ·

790 2789 869 2850 Et
896 2790 1194 2868 pedestres
1226 2790 1296 2850 de
1324 2808 1428 2850 om

792 2885 964 2943 nibus
992 2884 1317 2944 ciuitatibus

794 2987 1211 3037 concurrerunt
1239 2978 1279 3037 il

792 3072 888 3131 luc
959 3081 1014 3130 et
1042 3072 1347 3149 praeibant
1370 3102 1385 3118 ·

791 3164 872 3224 Et
900 3174 1299 3225 conuenerunt

791 3259 869 3319 ad
897 3277 1033 3318 eum
1057 3290 1071 3306 ·
1125 3260 1170 3292 ³⁴
1192 3260 1269 3318 Et
1295 3258 1497 3319 exiens

791 3363 849 3412 et
876 3352 1084 3412 uidens
1112 3352 1353 3413 multam

789 3448 1019 3507 turbam
1046 3447 1134 3507 ihs
1216 3465 1333 3508 con

791 3541 975 3601 doluit
1005 3559 1177 3619 super
1203 3561 1307 3602 eos
1326 3576 1408 3585 —

791 3636 932 3712 quia
958 3646 1123 3694 erant
1153 3637 1300 3696 sicut

792 3747 934 3789 oues
961 3730 1172 3806 quibus
1200 3748 1326 3789 non

793 3831 918 3881 erat
944 3832 1145 3900 pastor
1175 3854 1190 3870 ·
1272 3824 1352 3883 Et

792 3917 986 3994 coepit
1013 3916 1225 3977 docere
1253 3918 1381 3979 illos

792 4010 974 4069 multa
996 4041 1011 4057 ·
1076 4011 1121 4043 ³⁵
1140 4011 1220 4070 Et
1249 4030 1385 4072 cum

790 4105 908 4164 iam
937 4103 1141 4164 horam
1169 4106 1352 4164 multa

790 4197 953 4258 fieret
971 4229 985 4244 ·
1069 4215 1303 4257 accesse

789 4301 925 4349 runt
951 4290 1028 4350 ad
1054 4310 1188 4350 eum
1219 4293 1363 4352 disci

789 4385 910 4462 puli
936 4385 1061 4445 eius
1074 4395 1145 4445 et
1172 4385 1372 4448 dicunt
1397 4389 1452 4449 ei

1554 778 1771 837 multae
1799 779 1996 836 turbae
2026 785 2161 836 sunt

1551 870 1597 905 55
1614 871 1854 931 Dimitte
1883 872 2010 931 illos
2037 880 2100 929 ut
2126 890 2160 930 e

1551 974 1721 1024 untes
1750 966 1810 1023 in
1840 965 2129 1043 proximos

1551 1060 1716 1119 uillas
1743 1070 1799 1119 et
1827 1059 2062 1119 castella

1549 1164 1750 1212 emant
1771 1155 1876 1212 sibi
1904 1171 2055 1230 quos

1549 1247 1905 1307 manducent
1930 1248 2072 1324 quia

1550 1360 1671 1402 non
1701 1341 1916 1401 habent
1939 1373 1953 1389 ·
2037 1340 2080 1375 ³⁷
2099 1341 2234 1419 Ipse

1549 1445 1741 1495 autem
1770 1454 1984 1511 respon

1551 1529 1697 1588 dens
1727 1530 1803 1589 ait
1831 1530 1938 1588 illis
1967 1528 2044 1588 da

1550 1633 1605 1682 te
1634 1623 1743 1681 illis
1771 1641 1879 1683 uos
1907 1641 2048 1680 man

1550 1718 1761 1777 ducare
1782 1749 1796 1764 ·
1880 1717 1957 1775 Et
1987 1716 2188 1776 dicunt

1548 1813 1601 1871 ei
1628 1812 1840 1870 ibimus
1868 1821 1926 1869 et
1953 1827 2084 1869 eme

1547 1923 1679 1965 mus
1707 1905 1959 1964 denariis
1988 1904 2067 1964 do

1547 1999 1730 2058 centis
1762 2016 1943 2075 panes
2021 2008 2080 2057 et

1548 2092 1815 2151 dabimus
1843 2093 1952 2152 illis
1978 2102 2042 2152 ut

1548 2187 1905 2246 manducent
1928 2218 1943 2232 ·

1545 2280 1589 2313 ³⁸
1607 2280 1684 2339 Et
1712 2280 1848 2341 dicit
1874 2282 1958 2341 eis
1992 2282 2081 2341 ihs
2101 2281 2250 2360 qu⁰d

1547 2393 1733 2453 panes
1762 2375 1982 2435 habetis
2002 2406 2016 2422 ·

1545 2508 1620 2567 ite
1648 2517 1706 2567 et
1734 2508 1920 2568 uidete
1942 2539 1957 2555 ·
2040 2509 2119 2568 Et
2147 2515 2221 2569 εὖ

1547 2603 1964 2679 cognouissent
1983 2635 1998 2650 ·
2070 2602 2131 2662 di

1547 2708 1689 2757 cunt
1716 2699 1771 2755 ei
1839 2697 2097 2774 quinque

1547 2809 1732 2868 panes
1758 2801 1814 2849 et
1844 2790 1992 2849 duos
2023 2792 2112 2867 pis

1546 2902 1643 2943 ces
1668 2916 1682 2930 ·
1746 2884 1791 2918 ⁸⁹
1809 2885 1884 2942 Et
1911 2886 2161 2962 precepit
2190 2885 2230 2943 il

1544 2976 1615 3037 lis
1641 2986 1706 3036 ut
1733 2978 2031 3036 discumbe

1546 3082 1673 3131 rent
1701 3090 1908 3130 omnes
1936 3091 2099 3132 areas

1545 3175 1604 3224 et
1631 3183 1795 3225 areas
1825 3184 1996 3244 supra
2022 3166 2127 3224 uiri

1549 3259 1622 3320 de
1649 3259 1847 3318 fenum
1870 3291 1884 3305 ·
1968 3259 2105 3319 ⁴⁰Et
2134 3260 2222 3318 dis

1548 3355 1868 3414 cubuerunt
1896 3371 2059 3413 areas

1544 3457 1603 3508 et
1630 3466 1793 3508 areas
1820 3467 1922 3525 per
1949 3466 2059 3508 cen

1546 3552 1717 3602 tenos
1745 3553 1803 3602 et
1830 3562 1933 3619 per
1962 3542 2057 3602 cin

1546 3654 1851 3714 quagenos
1872 3667 1887 3682 ·
1971 3636 2013 3670 ⁴¹
2032 3636 2110 3696 Et
2139 3655 2209 3696 ac

1548 3731 1731 3808 ceptis
1759 3731 2016 3808 quinque

1545 3825 1795 3903 panibus
1822 3833 1879 3883 et
1907 3824 2025 3883 duo

1545 3920 1657 3978 bus
1686 3918 2002 3995 piscipibus

1545 4014 1774 4071 intuens
1802 4013 1863 4069 in
1896 4011 2087 4070 celum

1545 4105 1833 4166 benedixit
1858 4115 1917 4165 et
1944 4105 2112 4182 fregit

1544 4208 1602 4260 et
1629 4199 1787 4259 dedit
1815 4200 2041 4275 discipu

1543 4295 1613 4354 lis
1642 4294 1761 4353 suis
1788 4303 1850 4351 ut
1879 4293 2110 4370 adpone

1540 4397 1671 4449 rent
1697 4397 1831 4448 ante
1859 4403 1963 4447 eos

2362 793 2572 836 omnes
2601 786 2659 835 et
2688 787 2879 836 satura

2360 869 2402 927 ti
2431 879 2566 928 sunt
2585 901 2599 916 ·
2663 870 2707 902 ⁴³
2729 871 2806 929 Et
2835 870 2952 930 tule

2359 973 2495 1021 runt
2522 963 2851 1041 fragmento

2358 1074 2490 1114 rum
2519 1058 2831 1118 duodecim

2359 1150 2586 1211 cofinos
2614 1160 2673 1210 et
2701 1152 2773 1211 de
2802 1152 2895 1229 pis

2359 1245 2525 1305 cibus
2549 1277 2564 1292 ·
2628 1247 2872 1305 “Erant
2903 1264 2980 1305 au

2357 1348 2476 1397 tem
2505 1340 2606 1417 qui
2632 1340 2926 1401 manduca

2357 1443 2565 1493 uerunt
2592 1435 2801 1513 quinq‘³

2360 1527 2518 1587 milia
2545 1529 2800 1588 uirorum
2824 1562 2839 1577 ·

2368 1621 2413 1655 ⁴⁶
2428 1622 2506 1680 Et
2534 1623 2729 1681 statim
2758 1641 2932 1684 exsut

2356 1733 2504 1792 gens
2586 1717 2778 1793 coegit
2806 1717 2895 1777 dis

2355 1810 2585 1886 cipulos
2613 1828 2755 1870 suos
2788 1830 2853 1871 as

2355 1904 2602 1963 cendere
2632 1924 2843 1965 nauem
2863 1937 2877 1953 ·

2354 2007 2419 2056 ut
2446 1999 2822 2075 precederent

2354 2111 2490 2150 eum
2519 2111 2552 2151 a
2583 2092 2882 2154 bethsaida

2355 2186 2496 2245 dum
2525 2188 2648 2264 ipse
2677 2188 2841 2247 dimit

2354 2290 2497 2339 teret
2524 2281 2812 2359 populum

2353 2374 2489 2434 “Et
2517 2394 2650 2435 cum
2679 2376 2990 2437 dimisisset

2352 2524 2458 2567 eos
2481 2539 2496 2554 ·
2567 2508 2726 2568 Abiit
2754 2510 2813 2568 in
2842 2529 2987 2570 mon

2352 2612 2471 2661 tem
2502 2620 2668 2662 orare
2692 2635 2706 2650 ·
2771 2604 2816 2637 ⁴⁷
2832 2605 2912 2664 Et

2353 2714 2489 2755 cum
2520 2716 2648 2757 sero
2676 2709 2830 2758 esset

2351 2802 2474 2850 erat
2501 2793 2667 2851 nauis
2695 2793 2755 2850 in
2785 2811 2882 2853 me

2356 2884 2455 2944 dio
2484 2887 2627 2943 mari
2649 2917 2662 2932 ·
2721 2897 2778 2946 et
2806 2888 2932 2965 ipse

2355 2978 2512 3038 solus
2539 2980 2597 3037 in
2629 2989 2776 3039 terra
2798 3012 2812 3027 ·
2831 3013 2874 3025 -

2353 3072 2397 3105 ⁴³
2418 3073 2495 3131 Et
2524 3073 2729 3133 uidens
2755 3093 2858 3135 eos
2886 3095 2947 3135 re

2353 3167 2638 3244 migantes
2666 3178 2721 3227 et
2748 3169 2806 3228 la

2354 3262 2626 3321 borantes
2708 3263 2851 3323 Erat

2352 3356 2512 3413 enim
2539 3367 2748 3416 uentus
2778 3377 2893 3418 con

2354 3450 2555 3508 trarius
2582 3450 2691 3510 illis
2715 3482 2729 3498 ·

2352 3543 2429 3601 Et
2458 3544 2609 3603 circa
2636 3554 2902 3621 quartam

2353 3637 2613 3713 uigiliam
2643 3640 2795 3698 notis

2354 3733 2512 3790 uenit
2541 3732 2616 3790 ad
2644 3733 2772 3793 illos
2801 3751 2899 3793 am

2353 3825 2559 3884 bulans
2589 3845 2768 3904 supra

2352 3937 2513 3978 mare
2533 3951 2548 3966 ·
2620 3921 2696 3979 Et
2722 3922 2958 3982 uolebat

2351 4014 2590 4074 transire
2620 4015 2749 4075 illos
2772 4047 2786 4063 ·

2352 4108 2396 4140 ⁴⁹
2413 4108 2492 4166 At
2520 4108 2595 4167 illi
2624 4118 2687 4168 ut
2713 4110 2987 4170 uiderunt

2352 4199 2515 4260 illum
2542 4204 2875 4263 ambulante

2352 4312 2528 4372 super
2555 4314 2716 4356 mare
2738 4329 2753 4344 ·
2782 4331 2866 4340 —

2352 4400 2705 4469 putauerunt
2732 4390 2829 4452 fan

3114 778 3158 836 ti
3187 787 3323 836 sunt
3347 810 3360 825 ·
3388 810 3402 825 ·
3446 789 3506 838 et
3534 779 3738 841 confes

3113 871 3218 929 tim
3247 870 3478 931 locutus
3506 883 3593 932 est
3621 873 3697 933 ad

3112 983 3215 1025 eos
3245 975 3302 1024 et
3331 967 3409 1025 ait
3436 967 3543 1025 illis
3573 967 3708 1027 Con

3114 1059 3287 1118 fidete
3310 1091 3325 1106 ·
3396 1079 3511 1137 ego
3540 1079 3674 1120 sum

3114 1151 3290 1212 nolite
3320 1154 3520 1213 timere
3540 1186 3554 1201 ·
3576 1188 3588 1202 ·

3114 1245 3235 1304 ⁶¹Et
3251 1248 3572 1308 ascendens
3594 1249 3653 1308 in
3672 1257 3820 1312 113,υὲ

3114 1341 3190 1399 ad
3217 1339 3346 1401 illos
3428 1353 3485 1402 et
3515 1346 3761 1404 cessauit

3114 1443 3326 1494 uentus
3406 1447 3464 1496 et
3492 1438 3623 1514 plus
3652 1457 3751 1499 ma

3114 1528 3205 1605 gis
3234 1529 3381 1588 intra
3410 1549 3473 1590 se
3504 1541 3672 1610 stupe

3113 1623 3254 1682 bant
3281 1633 3340 1681 et
3365 1625 3632 1685 miraban

3111 1725 3204 1774 tur
3227 1747 3241 1762 ·
3312 1713 3358 1749 ⁵²
3374 1736 3497 1778 non
3524 1720 3681 1778 enim
3710 1721 3773 1781 in

3111 1809 3444 1871 tellexerant
3472 1813 3543 1872 de
3571 1833 3649 1891 pa

3110 1903 3284 1962 nibus
3304 1935 3317 1950 ·
3402 1916 3524 1965 erat
3550 1909 3709 1967 enim

3110 2015 3213 2056 cor
3240 2016 3445 2057 eorum
3474 2003 3619 2060 obtu

3110 2108 3242 2148 sum
3262 2123 3275 2137 ·
3361 2093 3406 2126 55
3423 2094 3500 2152 Et
3529 2104 3686 2155 trans

3109 2183 3381 2246 fretantes
3409 2188 3546 2248 inde
3563 2221 3578 2236 ·

3108 2291 3394 2339 uenerunt
3421 2282 3481 2340 in
3509 2293 3596 2343 ter

3106 2391 3233 2431 ram
3261 2378 3601 2451 genesareth

3106 2505 3151 2539 ⁶⁴
3170 2509 3440 2584 Cumque
3467 2529 3734 2587 egressus

3106 2612 3260 2660 esset
3289 2602 3358 2661 de
3390 2606 3527 2663 naui
3613 2625 3730 2684 cog

3107 2707 3399 2755 nonerunt
3426 2717 3562 2757 eum
3582 2731 3596 2745 ·

3108 2789 3154 2821 55
3171 2788 3246 2847 Et
3275 2790 3710 2853 circumcurren

3105 2892 3192 2943 tes
3221 2885 3551 2944 uniuersam

3108 2978 3405 3038 confinem
3433 2982 3596 3058 regio

3108 3071 3199 3131 nis
3228 3072 3375 3131 illius
3394 3105 3409 3120 ·
3494 3093 3680 3153 coepe

3109 3178 3242 3225 runt
3270 3167 3329 3225 in
3359 3169 3605 3229 crabatis

3109 3259 3329 3319 adferre
3358 3279 3565 3322 omnes

3107 3353 3259 3412 male
3289 3354 3599 3417 habentes·

3107 3445 3605 3512 Circumferebant

3108 3555 3304 3602 autem
3332 3563 3436 3606 eos
3465 3547 3638 3607 ubict‘i

3108 3655 3222 3714 que
3250 3639 3565 3699 audiebant
3592 3660 3720 3702 esse

3105 3731 3229 3790 ihm
3248 3764 3262 3778 ·
3344 3734 3460 3793 “et
3481 3753 3805 3816 quocumqs

3105 3826 3210 3885 iret
3239 3827 3298 3885 in
3329 3830 3575 3889 castellis

3106 3921 3200 3979 uel
3229 3922 3379 3981 uillis
3461 3925 3555 3983 uel
3584 3926 3700 3985 ciui

3103 4016 3320 4076 tatibus
3342 4048 3355 4062 ·
3440 4019 3500 4076 in
3530 4020 3735 4096 plateis

3104 4112 3406 4186 ponebant
3433 4115 3640 4173 uniuer

3104 4220 3204 4262 sos
3231 4203 3493 4265 infirmos
3513 4238 3527 4252 ·
3612 4206 3690 4267 Et

3104 4296 3565 4374 deprecabantur
3590 4308 3664 4360 esi

3103 4402 3167 4450 ut
3195 4392 3286 4451 uel
3316 4393 3620 4455 fimbream
