4414 4917
628 360 820 410 xv111.
848 355 1035 423 3·3¹·]

321 524 450 573 1⁸01.
469 525 593 573 180.
627 522 860 582 uindica
894 540 991 581 me
1024 522 1100 580 ab
1130 520 1204 581 ad

628 617 885 676 uersario
919 634 1056 675 meo
1081 648 1095 662 ·
1133 617 1154 649 ⁴
1172 616 1249 675 Et

627 710 863 770 nolebat
895 728 997 786 per
1025 710 1147 768 mul

629 814 752 863 tum
784 815 1015 881 tempus
1051 838 1130 847 —

631 897 771 958 Post
803 898 913 958 hec
944 908 1138 958 autem
1172 898 1270 957 dix

627 991 669 1050 it
693 992 842 1051 intra
869 1010 933 1051 se
1001 993 1049 1051 si
1082 992 1182 1051 ἀῶ

629 1105 750 1146 non
777 1087 955 1146 timeo
1023 1098 1081 1146 et
1114 1087 1193 1147 ho

629 1181 848 1239 minem
883 1200 1006 1240 non
1043 1200 1181 1242 reue

627 1293 757 1334 reor
781 1306 795 1321 ·
838 1275 861 1308 ⁸
879 1285 1076 1335 tamen
1106 1277 1239 1353 quia

631 1369 874 1428 molesta
909 1380 997 1429 est
1025 1371 1166 1429 mihi

630 1462 770 1523 haec
805 1464 982 1523 uidua
1013 1465 1174 1524 uindi

630 1559 778 1616 cabo
806 1558 962 1617 illam
997 1577 1071 1618 ne
1105 1559 1165 1618 in

629 1653 948 1712 nouissimo
976 1653 1069 1712 die

629 1747 1039 1808 conueniendo
1072 1767 1188 1807 con

632 1842 874 1917 stringat
912 1860 1006 1901 me
1026 1873 1041 1889 ·
1067 1874 1081 1889 ·

632 1935 652 1968 ⁶
672 1933 833 1994 Dixit
865 1945 1060 1995 autem
1088 1937 1198 1996 dfis

631 2030 820 2089 audite
840 2061 854 2076 ·
923 2031 1062 2107 quid
1089 2032 1147 2088 iu

631 2123 741 2182 dex
774 2125 1086 2202 iniquitatis

631 2218 806 2277 dixit·
849 2219 957 2279 ''ds
993 2224 1124 2279 aute

631 2330 752 2372 non
779 2313 949 2374 faciet
974 2314 1171 2374 uindic

633 2550 750 2600 tam
778 2541 1097 2601 electorum
1131 2559 1199 2600 su

631 2653 797 2694 orum
865 2636 1181 2696 clamantiu

632 2729 722 2788 die
755 2740 813 2789 et
847 2741 1020 2789 nocte
1054 2731 1172 2808 pati

631 2824 843 2883 entiam
873 2824 1097 2883 habens
1124 2825 1185 2882 in

632 2916 737 2977 illis
761 2949 775 2964 ·
821 2919 842 2951 ⁸
862 2919 996 2978 dico
1032 2919 1204 2978 uobis

632 3014 766 3088 quia
800 3012 970 3072 faciet
1001 3014 1116 3072 cito

629 3106 940 3166 uindictam
969 3107 1133 3168 illoru
1153 3139 1169 3156 ·

630 3199 861 3260 Tamen
889 3202 1036 3261 filius
1065 3203 1227 3262 homi

628 3295 716 3353 nis
751 3298 992 3356 ueniens
1027 3309 1157 3356 nu·-

628 3389 767 3466 quid
797 3391 1050 3450 inueniet
1079 3392 1119 3450 fi

627 3482 760 3542 dem
793 3484 854 3542 in
887 3495 1099 3544 terram
1124 3517 1138 3532 ·

627 3577 825 3637 ‘Dixit
854 3589 1047 3638 autem
1068 3580 1144 3639 ad
1172 3598 1324 3658 quos

627 3670 760 3730 dam
829 3674 929 3750 qui
966 3674 1071 3732 sibi
1099 3675 1208 3752 ipsi

627 3766 983 3827 confitebant
1015 3777 1135 3826 tam

626 3878 800 3936 quam
822 3862 952 3920 iusti
988 3871 1220 3922 essent·

626 3964 682 4011 et
709 3957 1061 4031 spernebant
1089 3975 1157 4016 ce

626 4058 777 4107 teros
845 4050 1141 4109 similitudi

626 4159 760 4200 nem
788 4143 958 4203 istam
980 4176 994 4191 ·
1018 4176 1031 4190 ·
1078 4144 1123 4176 ¹⁰
1138 4145 1278 4205 Duo

625 4232 888 4297 homines
916 4256 1095 4298 ascen

626 4327 824 4390 derunt
852 4332 913 4391 in
944 4332 1217 4409 templu-

1956 347 2312 409 LUCAN-

1378 529 1444 580 ut
1476 529 1713 580 orarent
1732 551 1747 566 ·
1815 537 1970 579 unus

1381 615 1618 674 fariseus
1644 646 1659 661 ·
1726 625 1784 675 et
1810 633 1963 674 unus

1380 711 1727 787 puplicanus
1751 741 1766 756 ·

1381 803 1424 836 ¹¹
1446 804 1618 864 Stans
1647 805 1877 882 itaquae
1906 804 1965 864 fa

1380 900 1600 959 risaeus
1629 900 1712 958 sic
1741 901 1940 960 orab⁸t

1383 992 1472 1053 Ds
1499 993 1707 1070 gratia⁸
1734 1012 1848 1070 ago
1877 994 1980 1052 tibi
2004 1025 2019 1040 ·

1382 1089 1517 1166 quia
1546 1105 1667 1147 non
1697 1105 1828 1145 sum
1857 1088 2008 1147 sicut

1380 1183 1554 1241 ceteri
1584 1181 1891 1240 hominum
1909 1213 1924 1228 ·

1379 1285 1641 1352 raptores
1709 1276 1902 1336 iniusti
1927 1306 1942 1323 ·

1382 1370 1624 1429 adulteri
1646 1402 1663 1418 ·
1721 1371 1880 1431 uelut
1907 1389 1941 1429 e

1380 1465 1520 1522 tiam
1550 1465 1643 1526 hic
1673 1466 2019 1543 puplicanus
2043 1495 2057 1510 ·

1381 1555 1427 1591 ¹²
1443 1559 1636 1619 ieiuno
1667 1561 1754 1620 bis
1781 1562 1842 1619 in
1871 1561 2054 1619 sabba

1380 1652 1518 1713 bato
1537 1684 1552 1700 ·
1614 1653 1843 1714 decimo
1863 1655 2063 1714 omnia

1381 1765 1785 1826 quaecumque
1809 1748 1982 1824 adqui

1380 1860 1448 1902 ro
1473 1875 1486 1889 ·
1509 1875 1522 1888 ·
1545 1874 1559 1889 ·
1580 1842 1623 1876 ¹⁸
1639 1844 1716 1901 Et
1735 1843 2079 1920 puplicanus

1381 1956 1417 1996 a
1443 1936 1620 2015 longe
1650 1948 1809 1997 stans
1838 1937 1972 1996 nole

1381 2032 1483 2089 bat
1571 2050 1679 2090 nec
1710 2031 1916 2091 oculos
1946 2031 1999 2091 le

1381 2143 1521 2185 uare
1550 2125 1625 2184 ad
1654 2127 1882 2185 caelum
1901 2157 1916 2172 ·

1382 2219 1486 2280 sed
1514 2221 1872 2297 percutiebat

1380 2324 1587 2390 pectus
1616 2321 1725 2373 suu
1756 2315 1956 2374 dicens

1380 2540 1470 2600 Ds
1497 2541 1780 2618 propitius
1809 2550 1937 2600 esto

1380 2635 1523 2693 mihi
1551 2636 1852 2712 peccatori
1872 2666 1887 2681 ·

1379 2727 1423 2761 ¹⁴
1439 2728 1593 2788 Dico
1620 2730 1787 2788 uobis
1816 2729 1953 2806 quia
1974 2728 2078 2788 des

1378 2822 1574 2881 cendit
1603 2823 1696 2882 hic
1726 2823 1963 2900 puplica

1378 2933 1490 2974 nus
1524 2916 1864 2976 iustificatus

1378 3010 1438 3069 in
1468 3011 1712 3070 domum
1740 3028 1907 3071 suam

1377 3105 1566 3180 magis
1594 3124 1772 3182 quam
1803 3106 1895 3164 ille
1923 3105 1981 3165 fa

1374 3200 1558 3258 riseus
1589 3231 1603 3246 ·
1629 3230 1643 3246 ·
1670 3232 1684 3247 ·
1728 3200 1865 3277 quia
1893 3218 1994 3259 om

1373 3293 1466 3351 nis
1494 3294 1592 3370 qui
1623 3312 1685 3353 se
1713 3295 1927 3353 exaltat
1950 3325 1965 3341 ·

1374 3385 1799 3446 humiliabitur·
1861 3399 1920 3448 et

1373 3482 1504 3559 quis
1532 3500 1596 3541 se
1626 3482 1886 3542 humiliat
1906 3514 1921 3530 ·
1980 3503 2053 3543 ex

1374 3576 1642 3635 altabitur
1662 3608 1676 3623 ·
1698 3608 1711 3623 ·
1734 3608 1749 3624 ·
1792 3575 1839 3609 ¹⁶
1858 3578 2010 3638 Adfe

1376 3672 1581 3729 rebant
1608 3682 1806 3730 autem
1834 3671 1910 3731 ad
1938 3673 1977 3730 il

1371 3764 1494 3824 lum
1521 3775 1579 3824 et
1607 3765 1856 3827 infantes

1373 3870 1436 3917 ut
1466 3877 1570 3918 eos
1602 3868 1861 3937 tangeret
1881 3892 1897 3909 ·

1373 3953 1535 4030 quod
1552 3959 1669 4013 cum
1688 3955 1950 4015 uiderent
1969 3956 2058 4015 dis

1374 4049 1549 4126 cipuli
1614 4050 1994 4125 increpabant

1373 4143 1502 4202 illos
1525 4175 1539 4190 ·
1583 4141 1626 4176 ¹⁶
1648 4144 1736 4202 ihs
1764 4155 1960 4203 autem

1373 4255 1713 4298 conuocans
1742 4238 1870 4298 illos

1376 4332 1521 4391 dixit
1541 4364 1554 4378 ·
1621 4331 1800 4391 Sinite

2184 538 2399 596 pueros
2421 521 2620 580 uenire

2184 615 2259 674 ad
2289 633 2383 673 me
2443 626 2500 675 et
2529 615 2707 673 nolite

2186 727 2291 769 eos
2318 720 2515 769 uetare
2546 741 2560 756 ·
2624 708 2722 768 tali

2184 822 2287 862 um
2317 814 2404 863 est
2432 805 2591 864 enim
2620 823 2724 881 reg

2185 917 2331 957 num
2361 899 2420 958 di
2438 931 2452 946 ·
2474 931 2488 946 ·
2539 899 2584 932 ¹⁷
2601 900 2795 959 Amen

2182 993 2320 1053 dico
2347 995 2517 1053 uobis
2544 996 2644 1072 qui

2184 1105 2438 1166 cumque
2467 1107 2587 1148 non
2617 1108 2760 1149 acce

2184 1183 2334 1259 perit
2360 1201 2612 1259 regnum
2641 1184 2702 1243 di

2186 1278 2335 1337 sicut
2362 1296 2506 1355 puer
2534 1295 2656 1337 non
2687 1278 2748 1337 in

2184 1372 2359 1430 trabit
2388 1373 2447 1430 in
2479 1371 2618 1430 illud
2639 1404 2655 1420 ·

2183 1463 2228 1498 ¹⁸
2246 1465 2362 1530 †Et
2391 1466 2767 1544 interrogauit
2794 1474 2868 1527 εὖ

2184 1561 2424 1637 quidam
2460 1561 2664 1622 dicens
2687 1592 2703 1609 ·

2186 1656 2465 1730 magister
2492 1657 2685 1715 bonae

2185 1749 2328 1826 quid
2357 1750 2629 1809 faciendo
2657 1751 2779 1808 uita

2186 1854 2481 1903 aeternam
2510 1844 2746 1920 posside

2184 1938 2265 1997 bo
2285 1969 2299 1984 ·
2344 1936 2390 1971 ¹⁹
2406 1938 2570 1996 Dixit
2598 1948 2791 1998 autem

2185 2033 2240 2091 ei
2269 2032 2359 2091 ihs
2419 2033 2560 2109 quid
2590 2050 2684 2091 me
2715 2032 2774 2091 di

2184 2126 2269 2185 cis
2297 2128 2520 2185 bonum
2590 2144 2767 2186 nemo

2185 2221 2378 2280 bonus
2407 2221 2517 2278 nisi
2545 2238 2697 2279 unus

2187 2315 2257 2374 ds
2281 2346 2295 2361 ·
2339 2312 2384 2346 ²⁰
2403 2314 2679 2374 mandata
2706 2332 2820 2375 nos

2187 2408 2231 2468 ti
2255 2439 2269 2454 ·
2330 2425 2454 2468 non
2481 2408 2718 2470 occides

2185 2561 2310 2602 non
2338 2541 2681 2601 adulterium
2710 2541 2786 2600 ad

2183 2637 2380 2695 mittes
2436 2655 2557 2695 non
2588 2636 2735 2695 furtfi

2183 2731 2363 2790 facies
2388 2761 2401 2775 ·
2446 2748 2568 2788 non
2599 2729 2745 2788 falsu

2184 2824 2587 2883 testimonium
2615 2823 2776 2883 dices
2800 2855 2815 2870 ·

2183 2917 2413 2978 honora
2440 2928 2666 2994 patrem
2702 2925 2802 2977 tufi

2183 3022 2242 3072 et
2270 3022 2514 3071 matrem
2535 3043 2550 3059 ·
2602 3011 2644 3047 ²¹
2662 3011 2762 3072 Ait
2791 3013 2885 3071 ille

2182 3107 2328 3167 haec
2350 3108 2553 3166 omnia
2580 3107 2869 3167 custodiui

2183 3220 2220 3260 a
2252 3203 2550 3261 iuuentute
2579 3221 2714 3262 mea
2738 3234 2753 3249 ·
2777 3237 2860 3246 —

2180 3294 2225 3327 ²²
2243 3295 2383 3368 Quo
2410 3297 2607 3356 audito
2643 3297 2732 3355 ihs
2760 3298 2839 3357 ait

2181 3391 2375 3450 adhuc
2404 3409 2590 3449 unum
2619 3392 2718 3449 tibi
2749 3391 2823 3451 de

2180 3496 2269 3545 est
2288 3517 2302 3532 ·
2366 3486 2568 3545 omnia
2596 3492 2821 3563 quaecfi

2180 3598 2297 3658 que
2326 3578 2509 3637 habes
2538 3578 2733 3638 uende

2179 3683 2237 3733 et
2267 3673 2343 3732 da
2370 3673 2724 3749 pauperibus
2744 3703 2758 3718 ·

2179 3777 2238 3826 et
2267 3767 2508 3826 habebis
2537 3766 2783 3825 thensau

2179 3880 2310 3920 rum
2338 3861 2399 3918 in
2429 3860 2593 3919 caelo
2654 3870 2710 3920 et
2743 3877 2819 3919 ue

2179 3957 2242 4014 ni
2272 3973 2512 4033 sequere
2542 3973 2637 4013 me
2657 3985 2672 4001 ·
2694 3987 2707 4001 ·
2760 3954 2803 3987 ²³
2821 3954 2882 4014 Is

2181 4050 2276 4109 ille
2304 4049 2515 4108 auditis
2544 4049 2762 4108 contris

2181 4154 2335 4203 tatus
2363 4154 2453 4202 est
2476 4175 2489 4189 ·
2550 4144 2687 4221 quia
2716 4144 2880 4203 diues

2181 4248 2302 4298 erat
2328 4237 2499 4297 ualde
2522 4268 2537 4284 ·
2594 4234 2636 4269 ²¹
2656 4237 2882 4298 Uidens

2182 4342 2379 4391 autem
2408 4331 2570 4390 illum
2601 4331 2690 4392 ihs

2179 4428 2400 4488 tristem
2422 4425 2638 4487 factum
2657 4458 2671 4474 ·
2737 4427 2882 4486 dixit

3520 359 3634 405 101

2939 536 3118 596 quam
3147 516 3377 578 difficile
3404 518 3507 596 qui

2939 614 3223 690 pecunias
3251 613 3473 673 habent

2939 707 3001 765 in
3030 726 3281 784 regnum
3310 708 3367 766 di
3394 709 3546 767 intra

2940 801 3086 860 bunt
3109 833 3124 848 ·
3168 802 3454 862 “facilius
3485 813 3575 863 est

2939 896 3099 955 enim
3128 898 3416 956 camelum
3454 917 3561 975 per

2940 989 3203 1049 foramen
3233 1009 3374 1051 acus
3402 1000 3534 1051 tran

2941 1084 3053 1143 sire
3115 1103 3294 1163 quam
3322 1086 3499 1145 diuite

2941 1178 3001 1236 in
3030 1197 3215 1255 regno
3243 1179 3303 1237 di
3329 1180 3560 1241 introire
3584 1212 3600 1229 ·

2939 1272 2985 1306 ²⁶
3002 1272 3289 1332 Dixerunt
3316 1286 3513 1335 autem
3541 1278 3642 1354 qui

2941 1367 3258 1428 audiebant
3280 1399 3295 1415 ·
3355 1380 3413 1429 et
3442 1372 3573 1448 quis

2939 1471 3135 1538 potest
3166 1463 3360 1523 saluus
3394 1465 3516 1524 fieri
3541 1496 3556 1511 ·

2939 1553 3064 1615 ”At
3082 1557 3174 1616 ille
3193 1558 3338 1617 dixit
3355 1589 3370 1604 ·
3410 1578 3562 1637 quae
3581 1561 3644 1620 in

2938 1651 3233 1727 possibilia
3263 1663 3397 1711 sunt
3426 1672 3462 1713 a

2938 1745 3061 1821 pud
3090 1746 3360 1805 homines
3384 1777 3399 1793 ·
3457 1765 3572 1825 pos

2940 1838 3124 1897 sibilia
3153 1850 3287 1898 sunt
3315 1851 3457 1916 aput

2940 1931 3041 1991 ἀῶ
3062 1964 3075 1977 -
3097 1963 3111 1979 ·
3135 1964 3149 1979 ·
3193 1929 3237 1965 ’Β
3259 1934 3357 1993 Ait
3384 1945 3581 1995 autem

2941 2036 3138 2102 petrus
3161 2058 3176 2073 ·
3236 2046 3375 2087 ecce
3404 2046 3518 2089 nos

2938 2119 3147 2179 relictis
3174 2122 3449 2183 omnibus

2940 2216 3112 2274 rebus
3141 2215 3351 2275 nostris
3378 2234 3443 2275 se

2940 2310 3055 2367 cuti
3083 2327 3286 2369 sumus
3316 2320 3371 2369 te
3396 2342 3409 2357 ·
3433 2343 3518 2355 -

2939 2399 2983 2435 ²⁹
3001 2403 3230 2477 Quibus
3265 2405 3391 2483 ipse
3420 2405 3567 2468 dixit

2938 2536 3134 2597 Amen
3168 2537 3301 2598 dico
3327 2541 3499 2600 uobis
3519 2571 3534 2588 ·

2938 2649 3117 2691 nemo
3144 2642 3231 2691 est
3258 2634 3359 2710 qui
3386 2635 3529 2695 relin

2938 2727 3063 2803 quit
3090 2726 3335 2786 domum
3357 2759 3372 2775 ·
3437 2741 3536 2789 aut

2937 2830 3210 2896 parentes
3233 2853 3249 2869 ·
3310 2832 3408 2881 aut
3437 2823 3525 2884 fra

2935 2923 3053 2973 tres
3075 2945 3090 2962 ·
3144 2924 3241 2974 aut
3269 2923 3454 2977 uxore

2937 3019 3034 3068 aut
3062 3010 3212 3070 filios
3239 3030 3392 3089 prop

2936 3114 3024 3164 ter
3051 3123 3299 3183 regnum
3327 3106 3387 3165 di
3408 3140 3493 3151 —-·

2936 3199 2982 3232 ³⁰
2999 3200 3099 3277 qui
3127 3218 3248 3259 non
3282 3202 3521 3279 recipiat

2937 3294 3193 3370 septiens
3220 3303 3447 3354 tantum

2935 3388 2996 3446 in
3026 3386 3139 3447 hoc
3168 3398 3432 3464 tempore

2935 3491 2994 3540 et
3023 3482 3084 3540 in
3113 3482 3311 3540 seculo
3341 3492 3519 3543 uentu

2935 3593 3002 3634 ro
3029 3576 3211 3634 uitam
3240 3583 3477 3636 aeterna
3496 3610 3509 3624 ·
3537 3611 3551 3626 ·
3577 3612 3593 3628 ·

2935 3668 2974 3701 ⁸¹
2995 3669 3296 3728 Adsumsit
3324 3681 3521 3731 autem

2933 3762 3024 3821 ihs
3052 3763 3363 3823 duodecim

2934 3868 2991 3916 et
3020 3858 3098 3916 ait
3126 3858 3201 3916 ad
3230 3859 3360 3917 illos
3381 3890 3396 3906 ·

2932 3971 3072 4011 ecce
3101 3952 3473 4013 ascendimus

2932 4047 3325 4122 hierosolyma
3355 4079 3369 4094 ·
3414 4057 3473 4107 et

2932 4141 3409 4201 consummabun

2931 4246 3021 4294 tur
3048 4236 3246 4295 omnia
3273 4255 3388 4314 que

2931 4331 3146 4406 scripta
3175 4333 3308 4389 sunt
3338 4350 3444 4408 per

2932 4425 3188 4502 profetas
3218 4425 3290 4485 de
3322 4426 3442 4487 filio

3668 524 3793 573 1¹01.
3817 524 3945 572 140·
