4414 4917
586 348 912 419 xx.4-29.]
1856 336 1990 398 MA
2009 323 2366 397 TTHEIJ·
3522 350 3600 417 27

2898 504 3273 580 baptizamini
3295 532 3308 547 ·
3377 504 3454 570 Se

2902 597 3038 658 dere
3067 609 3262 660 autem
3283 601 3360 661 ad

2899 691 3164 752 dextram
3190 712 3387 755 meam

2898 795 2956 844 et
2985 786 3061 845 ad
3090 788 3379 849 sinistram
3405 825 3421 841 ·

2896 897 3020 940 non
3047 891 3137 941 est
3165 882 3277 942 hoc
3306 890 3443 944 meu

2141 506 2370 584 solyma
2392 535 2408 552 ·
2471 514 2528 564 et
2556 504 2707 563 filius

2143 598 2395 659 hominis
2425 598 2584 658 trade

2141 701 2235 751 tur
2262 694 2621 770 principibus

2143 787 2516 846 sacerdotum
2544 797 2602 844 et

2141 881 2343 939 scribis
2410 891 2469 940 et
2496 898 2614 939 con

1340 505 1380 541 ¹¹
1405 507 1775 585 Accipientes
1802 512 1934 567 aute·

1341 612 1846 662 murmurauerunt
1870 633 1885 648 ·

1343 696 1622 755 aduersus
1652 706 1814 773 pater

1341 789 1588 849 familias
1652 788 1695 823 ¹²
1710 790 1880 850 dicen

1342 894 1429 944 tes
1453 916 1467 931 ·
1532 891 1673 961 qt‘xm
1705 885 1764 943 hi
1798 903 1881 944 no

303 528 432 576 ποι.
455 528 545 576 152.
583 511 659 572 Et
685 511 850 590 quod
880 512 1099 571 iustum

582 606 753 666 fuerit
774 605 933 666 dabo
962 605 1129 665 uobis
1149 634 1163 651 ·

584 700 608 734 ⁵
624 700 703 759 illi
730 710 927 759 autem
954 699 1087 758 abie

586 804 721 853 runt
743 825 758 840 ·
820 793 1042 852 Iterum

587 887 725 947 exiit
753 887 907 947 circa
936 895 1150 945 sexta-

3630 529 3752 578 ]i'ol.
3777 529 3871 582 58.

587 990 644 1040 et
670 999 890 1041 nonam
920 980 1128 1039 boram
1150 1009 1164 1025 ·
1340 978 1560 1039 nissimi
1590 998 1708 1038 una
1735 978 1814 1038 ho
2140 973 2504 1034 demnabunt
2530 992 2666 1033 eum
2898 973 3038 1035 dare
3099 976 3203 1035 sed
3230 978 3331 1054 qui

585 1084 644 1134 et
670 1075 804 1135 fecit
834 1073 1089 1134 similiter
1110 1105 1125 1120 ·
1339 1090 1406 1132 ra
1433 1072 1693 1132 fecerunt
1715 1103 1730 1119 ·
1790 1082 1846 1132 et
2140 1078 2326 1127 morte
2350 1099 2365 1114 ·
2409 1068 2452 1102 ¹⁹
2466 1078 2524 1128 et
2552 1078 2641 1127 tra
2895 1069 3008 1128 bus
3033 1079 3299 1146 paratum
3328 1083 3417 1132 est

586 1169 608 1201 ⁶
625 1168 794 1228 Circa
821 1168 1195 1228 undecimam
1339 1167 1613 1244 aequales
1639 1167 1768 1227 illos
1796 1185 1877 1226 no
2140 1161 2282 1222 dent
2309 1180 2444 1222 eum
2472 1163 2637 1239 genti
2898 1180 2933 1221 a
2962 1173 3124 1239 patre
3153 1182 3290 1224 meo
3311 1198 3395 1210 —

2139 1254 2251 1314 bus
2279 1255 2356 1315 ad
2383 1256 2633 1315 deluden

2141 1348 2283 1407 dum
2342 1358 2403 1410 et
2431 1350 2702 1427 flagellan

2140 1442 2283 1502 dum
2341 1454 2401 1503 et
2430 1444 2630 1505 crucifi

2137 1537 2433 1613 gendum·
2491 1548 2551 1597 et
2578 1549 2667 1598 ter
2900 1539 3116 1599 tribus·
3179 1537 3346 1600 ”Ins
3375 1560 3450 1601 au

2148 1631 2229 1690 tia
2256 1629 2348 1691 die
2377 1641 2636 1709 resurget
2655 1663 2669 1679 ·
2901 1640 3024 1691 tem
3050 1651 3247 1693 uocan
3272 1654 3375 1694 eos

1934 1684 2380 1802 fffiffiffimTunc
2410 1727 2647 1786 accesssit
2675 1725 2750 1785 ad
2777 1731 2852 1785 εὖ
2904 1726 2986 1784 ait
3007 1751 3022 1764 ·
3090 1725 3260 1786 Scitis
3288 1730 3445 1805 qu⁰d

2144 1828 2330 1877 mater
2358 1818 2606 1878 filiorum
2903 1819 3198 1897 principes
3225 1823 3385 1898 genti

2144 1911 2381 1971 zebedei
2411 1931 2544 1973 cum
2577 1914 2655 1972 fili
2901 1931 3007 1972 um
3034 1913 3407 1974 dominantur

2141 2004 2192 2064 is
2222 2006 2340 2066 suis
2365 2038 2378 2053 ·
2452 2007 2706 2068 adorans
2903 2024 3109 2067 eorum
3129 2038 3143 2055 ·
3208 2019 3267 2067 et
3296 2010 3398 2086 qui

2140 2110 2199 2158 et
2226 2110 2433 2177 petens
2467 2102 2688 2178 aliquid
2903 2102 3260 2161 maioresunt
3287 2120 3371 2179 po

2897 1254 3034 1316 ”Et
3061 1258 3362 1320 audientes
3391 1260 3537 1322 dece

2899 1352 3219 1412 contristati
3247 1364 3383 1413 sunt

2900 1444 2974 1504 de
3003 1444 3232 1507 duobus
3260 1447 3347 1507 fra

586 1271 784 1322 autem
811 1261 1017 1321 horam

586 1356 786 1415 exiens
815 1355 1031 1415 inuenit

585 1449 729 1508 alios
756 1458 976 1509 stantes
1003 1450 1085 1508 oti

585 1560 723 1603 osos
747 1575 761 1589 ·
825 1553 882 1602 et
911 1544 1051 1603 dicit
1082 1542 1192 1602 illis
1211 1574 1226 1590 ·

585 1636 745 1708 Quid
772 1636 867 1697 bic
899 1638 1064 1697 statis
1092 1648 1214 1697 tota

586 1730 679 1790 die
706 1731 877 1791 otiosi
900 1762 915 1778 ·
958 1732 982 1765 ⁷
999 1726 1200 1792 dicunt

580 1825 638 1883 ei
666 1825 803 1902 quia
830 1844 1008 1886 nemo
1037 1845 1147 1887 nos

586 1919 870 1979 conduxit
893 1951 908 1967 ·
969 1919 1108 1980 dicit

584 2012 692 2071 illis
719 2044 735 2059 ·
793 2012 882 2074 Ite
909 2024 967 2074 et
995 2032 1106 2074 uos
1132 2016 1193 2074 in

584 2108 819 2166 uineam
843 2138 858 2154 ·
920 2120 980 2167 et
1008 2110 1166 2186 quod

1340 1261 1430 1320 bis
1458 1260 1640 1321 fecisti
1663 1293 1677 1307 ·
1737 1261 1836 1338 qui

1338 1357 1697 1432 portauimus
1726 1365 1840 1432 p0n

1341 1450 1450 1508 dus
1480 1450 1593 1509 diei
1619 1460 1677 1509 et
1705 1459 1932 1510 aestu*-

1338 1540 1383 1575 ¹³
1400 1544 1479 1602 At
1504 1543 1598 1603 ille
1625 1543 1946 1620 respondes

1340 1637 1481 1696 dixit
1508 1638 1611 1697 uni
1638 1656 1839 1697 eorum
1860 1670 1876 1685 ·

1338 1732 1526 1790 amice
1554 1750 1677 1791 non
1706 1732 1859 1792 facio

1336 1824 1442 1883 tibi
1468 1825 1736 1884 iniuriam
1758 1857 1774 1873 ·
2028 1822 2065 1882 'l'

1339 1937 1538 1979 nonne
1568 1938 1640 1978 ex
1670 1920 1910 1981 denario

1339 2013 1664 2074 conuenisti
1693 2022 1867 2075 mecil
1891 2049 1905 2063 ·

1341 2105 1386 2139 ¹⁴
1404 2107 1576 2167 Tolle
1605 2109 1767 2185 quod
1796 2120 1961 2169 tuum

586 2199 750 2260 fuerit
778 2201 992 2261 iustum
1020 2221 1091 2262 ac

585 2294 807 2371 cipietis
830 2326 845 2341 ·
889 2295 910 2329 ⁸
930 2294 1085 2356 Cum

588 2443 716 2487 sero
744 2411 940 2487 autem
968 2427 1174 2489 sactu-

589 2530 740 2579 esset
767 2520 905 2580 dicit
938 2523 1051 2582 dns

588 2613 792 2673 uineae
821 2633 1068 2691 procura

589 2707 695 2768 tori
723 2726 832 2769 suo
858 2728 1009 2769 uoca
1035 2729 1148 2788 ope

589 2803 765 2861 rarios
794 2813 851 2861 et
879 2803 1059 2863 redde

589 2893 696 2952 illis
723 2897 1057 2957 mercedem
1075 2929 1090 2945 ·

591 2985 886 3065 Incipiens
915 3009 950 3048 a
979 2992 1150 3050 nouis

592 3082 748 3140 simis
768 3101 956 3161 usque
986 3083 1062 3144 ad

591 3176 812 3252 primos
835 3209 851 3224 ·
894 3179 918 3212 ⁹
934 3197 1072 3237 cum
1100 3200 1173 3240 ue

592 3269 810 3329 nissent
841 3290 985 3349 ergo
1012 3275 1112 3350 qui

591 3363 742 3423 circa
767 3366 1142 3427 undecimam

591 3469 871 3517 uenerant
899 3462 1103 3537 accipe

593 3561 724 3609 runt
752 3553 1012 3630 singulos
1039 3554 1112 3613 de

593 3645 787 3704 uarios
807 3676 823 3693 ·
868 3646 912 3681 ¹⁰
929 3650 1142 3708 uenien

1341 2211 1445 2259 est·
1458 2212 1514 2261 et
1542 2202 1691 2260 uade
1716 2234 1731 2249 ·
1789 2203 1949 2264 Uolo

1341 2304 1538 2354 autem
1566 2295 1700 2355 huic
1723 2315 1803 2356 no

1340 2423 1582 2485 uissimo
1611 2424 1748 2486 dare
1778 2428 1925 2488 sicut

1347 2520 1449 2579 tibi
1467 2550 1482 2566 ·
1526 2518 1570 2552 ¹⁸
1584 2519 1705 2580 Aut
1734 2540 1856 2582 non
1886 2523 1926 2582 li

1347 2624 1439 2673 cet
1466 2614 1606 2672 mihi
1635 2615 1823 2675 facere

1347 2707 1508 2785 quod
1536 2708 1674 2770 uolo
1702 2710 1762 2769 in
1789 2729 1898 2788 pro

1346 2804 1485 2879 priis
1513 2805 1662 2863 meis
1685 2836 1701 2851 ·
1766 2806 1863 2864 An
1892 2823 1932 2865 o

1349 2898 1511 2957 culus
1541 2907 1674 2958 tuus
1703 2911 1948 2978 nequa*

1348 3001 1435 3050 est
1462 2993 1601 3069 quia
1628 3012 1741 3070 ego
1771 2996 1961 3055 bonus

1349 3103 1479 3143 sum
1499 3117 1513 3133 ·
1559 3087 1599 3119 ¹⁶
1619 3087 1713 3148 Sic
1742 3100 1911 3149 erunt

1346 3179 1518 3256 primi
1545 3182 1844 3240 nouissimi
1867 3215 1881 3231 ·

1348 3282 1406 3332 et
1434 3274 1737 3333 nouissimi
1765 3276 1936 3353 primi
1960 3309 1974 3325 ·

1349 3364 1520 3426 Multi
1549 3377 1744 3427 autem
1773 3380 1910 3429 sunt

1347 3461 1537 3520 uocati
1597 3464 1765 3538 pauci
1794 3474 1977 3525 aute-

1346 3554 1967 3614 electinmnmnm

1300 3645 1330 3678 ¹⁸²
1348 3647 1391 3682 ¹⁷
1409 3648 1487 3708 Et
1516 3652 1842 3712 ascendens
1870 3654 1960 3713 ihs

2141 2196 2219 2252 ab
2245 2212 2320 2253 eo
2340 2225 2355 2240 ·
2400 2192 2441 2226 ²¹
2472 2195 2601 2272 ipse
2632 2201 2766 2256 aute

2141 2287 2285 2347 dixit
2311 2288 2402 2347 ei·
2434 2289 2576 2366 quid
2603 2289 2693 2349 uis
2718 2320 2736 2339 ·

2151 2420 2293 2482 dicit
2321 2421 2372 2482 ei
2393 2453 2407 2470 ·
2469 2421 2561 2484 dic
2592 2422 2654 2483 ut
2683 2423 2825 2484 sede

2150 2526 2255 2574 ant
2281 2516 2342 2574 hi
2371 2516 2488 2577 duo
2517 2514 2615 2574 filii
2643 2519 2759 2578 mei

2150 2624 2303 2667 unus
2331 2611 2407 2669 ad
2437 2611 2638 2671 dextra

2150 2712 2314 2760 tuam
2341 2714 2399 2763 et
2428 2722 2580 2764 unus
2609 2706 2686 2765 ad

2150 2798 2442 2858 sinistram
2471 2809 2631 2859 tuam

2151 2890 2213 2948 in
2241 2910 2425 2968 regno
2453 2903 2556 2953 tuo
2580 2925 2595 2941 ·

2152 2986 2198 3019 ²²
2217 2985 2614 3063 Respondens
2641 2995 2777 3050 aute

2152 3079 2246 3138 ihs
2273 3080 2455 3139 dixit·
2515 3083 2676 3143 nesci

2153 3174 2226 3234 tis
2255 3174 2397 3252 quid
2426 3178 2635 3252 petatis

2150 3267 2406 3327 Potestis
2435 3270 2634 3330 bibere

2153 3361 2394 3421 calicem
2416 3381 2593 3440 quem
2622 3383 2739 3443 ego

2151 3456 2431 3515 bibiturus
2460 3477 2590 3517 sum
2615 3491 2629 3505 ·

2153 3549 2276 3608 Aut
2302 3551 2597 3627 baptizma
2625 3552 2778 3630 qu⁰d

2902 2202 3173 2255 testatem
3203 2210 3483 2259 exercent

2903 2290 2967 2348 in
2994 2291 3079 2351 eis
3096 2321 3110 2337 ·
3153 2291 3198 2325 ²⁶
3216 2290 3358 2350 Non
3385 2292 3471 2352 ita

2909 2423 3015 2484 erit
3040 2422 3189 2483 inter
3214 2441 3327 2484 uos
3349 2455 3363 2472 ·

2911 2517 3029 2577 Sed
3057 2519 3449 2595 quicumquae

2908 2612 3154 2671 uoluerit
3181 2612 3330 2672 inter

2908 2723 3018 2765 uos
3046 2706 3232 2765 maior
3261 2706 3382 2766 fieri
3404 2738 3420 2754 ·

2908 2799 3034 2860 Erit
3059 2810 3251 2859 uester
3278 2801 3451 2861 minis

2909 2904 2996 2953 ter
3018 2926 3032 2942 ·
3078 2891 3123 2928 ²⁷
3139 2905 3197 2954 et
3226 2896 3327 2973 qui
3355 2896 3502 2957 uolu

2909 2989 3016 3048 erit
3041 2988 3190 3048 inter
3216 3008 3328 3051 uos

2908 3083 3133 3160 primus
3160 3101 3290 3144 esse
3357 3085 3465 3145 erit

2909 3187 3102 3236 uester
3128 3195 3330 3238 seruus
3354 3209 3368 3226 ·

2908 3266 2951 3303 ²⁸
2973 3270 3133 3330 Sicut
3162 3271 3310 3331 filius
3339 3271 3504 3332 homi

2907 3365 3001 3424 nis
3070 3383 3195 3424 non
3222 3366 3383 3424 uenit
3408 3366 3493 3424 mi

2908 3459 3132 3518 nistrari
3155 3489 3169 3505 ·
3234 3458 3338 3518 sed
3367 3460 3448 3518 mi

2909 3554 3150 3613 nistrare
3168 3583 3183 3599 ·
3246 3562 3304 3611 et
3331 3552 3471 3613 dare

2908 3647 3166 3705 animam
3195 3664 3364 3706 suam
3383 3673 3397 3687 ·
3441 3665 3504 3707 re

2154 3661 2270 3719 ego
2300 3645 2563 3720 baptizor
2588 3648 2707 3724 bap

2154 3737 2345 3795 tizari·
2390 3738 2591 3798 dicunt
2620 3740 2675 3799 ei

2151 3848 2438 3907 posumus
2498 3830 2615 3890 ¹¹¹¹et
2644 3833 2785 3894 dicit

2149 3925 2233 3983 eis
2310 3925 2547 3984 calicem
2576 3928 2677 4003 qui

2150 4017 2287 4076 dem
2315 4037 2513 4077 meum
2541 4020 2678 4080 bibe

2151 4111 2222 4171 tis
2241 4138 2255 4153 ·
2315 4121 2374 4172 et
2403 4114 2696 4191 baptizma

2150 4206 2313 4283 quod
2340 4224 2454 4282 ego
2482 4207 2748 4285 baptizor

593 3747 676 3797 tes
704 3750 899 3800 autem
926 3743 1095 3818 primi
1118 3773 1133 3789 ·

593 3832 843 3893 arbitrati
878 3847 1048 3895 sunt·

594 3927 751 4002 quod
779 3927 911 4004 plus
939 3941 1130 3989 essent

595 4023 885 4099 accepturi
908 4053 923 4068 ·
982 4032 1040 4082 et
1067 4043 1137 4084 ac

595 4126 873 4190 ceperunt
899 4126 957 4175 et
985 4118 1095 4194 ipsi

596 4207 846 4287 singulo·
874 4210 1144 4273 denarios
1174 4245 1191 4262 ·

1297 3740 1327 3773 ¹⁸²
1344 3743 1730 3823 hierosolyma
1753 3778 1769 3792 ·

1299 3834 1329 3869 *
1347 3838 1625 3898 adsumsit
1651 3840 1842 3901 duode

1299 3930 1329 3963 ¹⁸²
1348 3933 1462 3991 cim
1491 3932 1806 4011 discipulos
1834 3954 1897 3996 se

1300 4024 1549 4085 *orsum
1583 4028 1642 4086 in
1669 4029 1866 4088 itinere
1906 4062 1922 4078 ·

1346 4130 1404 4178 et
1431 4121 1510 4179 ait
1538 4122 1647 4181 illis
1670 4154 1687 4169 ·
1748 4122 1906 4184 Ecce

1345 4214 1389 4248 ¹⁸
1406 4216 1773 4278 ascendimus
1803 4219 1963 4282 hiero

2913 3740 3273 3800 demtionem
3301 3760 3411 3819 pro

2913 3835 3111 3895 multis
3134 3866 3148 3882 ·
3171 3861 3252 3888 -t-
3280 3862 3363 3890 ω
3390 3863 3474 3891 ψ,

3086 3955 3170 3983 ω
3236 3956 3320 3984 ω
3387 3958 3471 3986 ω
3529 3929 3890 3995 ἆοωὶΙηθῦαΙΙῖῐι

2858 4023 2892 4063 *
2911 4018 2957 4054 ’⁹
2971 4020 3048 4080 Et
3075 4022 3391 4099 egredienti
3600 4011 3757 4077 ΟῙῑΙῑῑΟ

2861 4112 2894 4149 *
2912 4117 3023 4175 bus
3050 4117 3133 4176 eis
3161 4119 3237 4176 ab
3267 4117 3408 4178 hieri

2859 4209 2893 4249 *
2911 4210 3024 4271 cho
3043 4235 3057 4250 ·
3123 4221 3323 4272 secute
3351 4226 3488 4277 sunt

2859 4304 2893 4344 *
2911 4324 3048 4365 eum
3075 4308 3242 4367 turbe
3269 4309 3483 4372 multae
3506 4345 3523 4362 .

2145 4396 2195 4447 in
2215 4396 2443 4461 passione
2458 4399 2588 4448 εει-Ἡ
2609 4415 2846 4453 maccaue

2141 4487 2286 4521 orum
2322 4472 2474 4524 lectio
2509 4476 2757 4541 euangelii
2791 4493 2845 4528 se

2148 4545 2366 4597 condum
2390 4555 2630 4600 matteum
3217 4562 3251 4603 Ε·
3286 4562 3335 4624 21
