4414 4917
2161 343 2261 384 XX

1051 487 1615 564 SPECIMEN
1704 490 1995 565 PAGE
2075 490 2221 564 OF
2300 490 2541 563 THE
2626 487 3386 564 MANUSCRIPT.

1658 632 1866 693 MAr-r.
1896 654 1970 693 vr.
2004 637 2178 706 4-28.
2268 633 2376 694 See
2406 633 2610 705 below,
2643 653 2698 711 p.
2733 648 2783 708 7.

2241 768 2504 815 Fonab.

423 762 549 811 1⁸01.
569 762 636 810 13
649 798 660 810 .

672 855 920 915 mosyna
949 846 1047 898 tua
1075 838 1138 897 in

672 920 1020 979 abscondito
1045 946 1058 959 ·
1120 919 1198 979 Et

674 1011 837 1079 pater
865 1012 999 1061 tuus
1029 1002 1129 1079 qui

671 1083 833 1141 uidet
859 1083 919 1141 in
948 1085 1172 1142 abscon

677 1164 799 1223 dito
822 1195 835 1209 ·
900 1165 1024 1242 ipse
1054 1164 1156 1224 red

678 1246 777 1305 det
804 1246 905 1305 tibi
935 1248 995 1304 in
1026 1246 1186 1304 mani

679 1327 831 1387 festo
857 1354 871 1369 ·
934 1327 1046 1387 ‘Et
1074 1345 1213 1386 cum
1242 1344 1282 1386 o

680 1427 774 1468 ras
802 1428 926 1468 non
953 1410 1064 1469 eris
1094 1406 1242 1468 sicut

681 1490 1053 1567 hypocritae·
1115 1491 1217 1567 qui

686 1582 885 1631 amant
914 1582 1063 1632 stare
1092 1574 1152 1631 in
1182 1590 1249 1648 sy

685 1655 938 1730 nagogis
1018 1665 1075 1713 et
1102 1655 1163 1713 in
1191 1670 1272 1712 an

689 1736 839 1813 gulis
867 1736 1193 1812 platearum

689 1826 912 1877 stantes
939 1818 1180 1877 adorare
1208 1856 1221 1870 ·

690 1910 755 1957 ut
783 1900 1086 1959 uideantur
1115 1901 1191 1958 ab

694 1979 1031 2041 hominibus
1056 2008 1068 2022 ·

641 2060 860 2121 A·men
883 2063 1017 2122 dico
1045 2061 1218 2122 uobis

695 2155 1081 2221 perceperunt

699 2226 1032 2285 mercedem
1063 2243 1229 2285 suam
1255 2252 1268 2267 ·

597 2306 687 2367 ‘T
705 2324 741 2364 u
771 2317 966 2367 autem
987 2325 1122 2365 cum
1143 2325 1278 2367 oras
1298 2334 1311 2348 ·

701 2390 850 2448 intra
878 2389 938 2448 in
967 2389 1237 2448 cubiculii

703 2481 867 2530 tuum
892 2497 906 2512 ·
963 2471 1042 2530 Et
1069 2470 1316 2531 cludens

462 2689 591 2739 1⁸01.
604 2689 689 2736 14.

627 2763 693 2824 H
711 2765 890 2825 abent
916 2783 1111 2825 merce

711 2847 850 2906 dem
877 2865 1044 2906 suam
1067 2873 1080 2886 ·
1139 2849 1182 2882 ¹⁷
1196 2845 1296 2907 Tu

718 2938 913 2987 autem
943 2947 1078 2987 cum
1106 2930 1219 2988 ieiu

715 3028 827 3069 nas
901 3028 1101 3086 ungue
1132 3029 1205 3070 ca

716 3102 822 3169 put
841 3101 1006 3150 tuum
1033 3103 1090 3152 et
1116 3093 1176 3152 fa

721 3173 874 3232 ciem
895 3183 1055 3231 tuam
1083 3173 1216 3234 laua
1240 3200 1254 3216 ·

682 3250 804 3313 ¹⁸ne
833 3271 1039 3331 pareas
1068 3255 1231 3315 homi

725 3338 898 3395 nibus
928 3336 1191 3397 ieiunans
1214 3363 1228 3379 ·

671 3417 713 3478 S
732 3418 806 3478 ed
834 3418 981 3495 patri
1009 3428 1110 3478 tuo
1142 3419 1240 3498 qui

728 3510 817 3558 est
845 3501 903 3557 in
934 3499 1279 3560 abscondito
1306 3537 1319 3552 ·

662 3579 756 3642 Et
782 3591 947 3658 pater
973 3592 1105 3641 tuus
1132 3584 1232 3661 qui

734 3663 892 3721 uidet
920 3664 981 3721 in
1009 3664 1295 3724 abscondi

733 3754 795 3803 to
819 3744 1022 3804 reddet
1049 3747 1150 3804 tibi
1172 3774 1184 3787 ·

599 3823 711 3884 ¹·N
730 3824 867 3885 olite
895 3826 1189 3886 thensauri

737 3926 871 3966 zare
899 3910 1072 3968 uobis
1094 3941 1107 3956 ·
1179 3908 1352 3969 thens

736 4006 909 4048 auros
937 3989 995 4047 in
1025 3999 1176 4050 terra
1198 4018 1211 4033 ·

737 4071 838 4129 ubi
866 4089 1048 4147 erugo
1077 4082 1136 4131 et
1162 4073 1317 4132 tinea

740 4160 800 4211 et
826 4164 1155 4212 comestura
1181 4173 1254 4213 ex

741 4234 1012 4292 terminat
1030 4261 1043 4274 ·
1103 4233 1180 4294 Et
1206 4235 1306 4297 ubi

743 4314 898 4373 fures
919 4314 1201 4376 effodiunt

745 4406 803 4457 et
831 4395 1088 4457 furantur
1104 4424 1119 4439 ·

1567 843 1781 900 ostium
1810 853 1975 900 tuum
1997 866 2010 879 ·
2066 860 2104 899 o

1568 941 1631 981 ra
1658 932 1883 999 patrem
1912 933 2078 982 tuum

1568 1005 1629 1062 in
1658 1006 1954 1064 absconso
1978 1032 1991 1044 ·
2025 1014 2083 1063 et
2112 1023 2191 1082 pa

1570 1096 1655 1145 ter
1684 1096 1817 1145 tuus
1846 1087 1944 1164 qui
1971 1087 2133 1145 uidet

1570 1168 1630 1226 in
1660 1169 1956 1227 absconso
2018 1168 2121 1226 red

1570 1250 1671 1309 det
1698 1250 1801 1309 tibi
1829 1249 1890 1307 in
1918 1249 2168 1309 manifes

1573 1341 1634 1391 to
1654 1361 1668 1376 ·
1724 1330 1991 1390 ''orantes
2021 1349 2097 1389 au

1573 1421 1696 1472 tem
1723 1412 1901 1471 nolite
1930 1413 2115 1471 multii

1574 1494 1733 1571 loqui
1774 1495 1922 1553 sicut
1951 1495 2197 1553 ethnici·

1578 1586 1784 1653 putant
1811 1577 1970 1634 enim
1999 1577 2160 1652 quod

1578 1658 1639 1715 in
1674 1657 2047 1733 multiloquio
2075 1676 2183 1717 suo

1580 1740 1969 1798 exaudiuntur
1994 1771 2007 1784 ·

1477 1818 1566 1879 ’N
1585 1821 1722 1880 olite
1740 1839 1883 1896 ergo
1901 1820 2151 1879 similare

1586 1921 1691 1962 eos
1714 1927 1728 1941 ·
1789 1903 1899 1961 scit
1927 1904 2085 1961 enim
2114 1919 2193 1978 pa

1586 1995 1674 2043 ter
1701 1994 1892 2043 uester
1921 1984 2061 2061 quid
2087 2001 2168 2042 uo

1587 2066 1678 2125 bis
1705 2084 1855 2143 opus
1885 2067 1954 2124 sit
1982 2074 2118 2124 ante

1589 2166 1768 2224 quam
1797 2148 2005 2224 petatis
2032 2165 2167 2205 eum
2189 2172 2202 2186 ·

1564 2229 1678 2288 ‘sic
1709 2247 1852 2305 ergo
1876 2240 2038 2288 orate
2066 2246 2177 2287 uos
2201 2263 2216 2278 ·

1533 2309 1580 2370 P
1598 2320 1720 2369 ater
1747 2320 1944 2368 noster

1595 2388 1687 2453 tei·
1714 2392 1895 2469 quiin
1917 2391 2090 2450 caelis
2118 2409 2182 2450 es
2203 2417 2216 2431 ·

1601 2474 1888 2534 scificetur
1916 2491 2136 2533 nomen

2118 2561 2224 2614 tufi

2430 841 2756 903 ¹⁰adueniat
2785 860 2889 919 reg

2487 943 2631 983 num
2661 936 2826 984 tuum
2908 923 3006 983 fiat

2487 1006 2764 1066 uoluntas
2791 1016 2892 1065 tua
2921 1006 2970 1064 si

2490 1098 2589 1147 cut
2618 1089 2678 1146 in
2707 1086 2872 1147 caelo
2900 1096 2958 1145 et
2986 1087 3047 1145 in

2492 1180 2682 1229 terra·
2745 1169 3013 1247 1¹panem

2494 1261 2759 1311 nostrum
2788 1250 2966 1310 cotidi

2494 1352 2676 1392 anum
2705 1334 2783 1392 da
2810 1332 2981 1391 nobis

2496 1414 2675 1474 hodie
2756 1413 2868 1472 ¹²et
2897 1412 3067 1472 remit

2499 1507 2556 1556 te
2585 1496 2754 1556 nobis
2785 1496 2980 1555 debita

2501 1589 2703 1637 nostra
2785 1578 2935 1636 sicut

2502 1669 2560 1719 et
2588 1677 2700 1719 nos
2731 1658 3070 1718 dimittimus

2506 1741 2866 1801 debitoribus
2895 1757 3007 1799 nos

2507 1824 2609 1882 tris
2632 1854 2645 1868 ·
2710 1822 2819 1881 ¹'et
2847 1840 2922 1881 ne
2951 1822 3094 1880 indu

2509 1923 2609 1964 cas
2638 1922 2748 1963 nos
2777 1905 2836 1962 in
2868 1914 3049 1962 temta

2425 1986 2432 1993 ’
2513 1988 2732 2047 tionem
2752 2012 2765 2026 ·
2828 1986 2934 2044 sed
2959 1985 3076 2045 libe

2512 2086 2576 2126 ra
2604 2085 2716 2126 nos
2749 2086 2784 2126 a
2811 2066 2970 2126 malo

2514 2156 2658 2227 qfim
2687 2159 2849 2208 tuum
2878 2158 2967 2207 est

2515 2249 2765 2309 regnum
2787 2241 2951 2289 tuum
2971 2240 3028 2289 et
3048 2230 3136 2289 uir

2517 2324 2608 2372 tus
2637 2323 2695 2370 et
2722 2311 2907 2389 gloria
2933 2313 2995 2370 in

2518 2394 2714 2453 secula
2743 2411 2915 2452 amen
2937 2425 2950 2440 ·
3017 2391 3062 2428 ¹⁴
3076 2392 3138 2452 Si

2517 2477 2675 2537 enim
2703 2476 3031 2536 dimiseritis

2278 2692 2475 2741 retu
2484 2693 2540 2739 b.

1471 2765 1582 2833 ”T
1603 2768 1999 2828 hensaurizate
2027 2787 2103 2827 au

1601 2862 1721 2911 tem
1748 2851 1919 2909 uobis
1990 2849 2163 2908 thens

1603 2949 1780 2991 auros
1802 2933 1863 2989 in
1884 2932 2081 2991 caelo·
2127 2930 2228 2990 ubi

1605 3031 1798 3090 neque
1828 3032 2011 3089 erugo
2031 3041 2044 3054 ·
2103 3030 2180 3072 ne

1610 3113 1725 3172 que
1754 3095 1909 3154 tinea
1931 3122 1944 3137 ·
2011 3113 2203 3171 neque

1613 3186 1941 3236 comestura
1968 3187 2131 3236 exter

1614 3258 1797 3317 minat
1816 3285 1829 3300 ·
1890 3268 1947 3317 et
1974 3258 2076 3317 ubi
2104 3258 2164 3316 su

1617 3357 1709 3398 res
1739 3357 1862 3398 non
1890 3340 2178 3398 effodiunt

1618 3429 1675 3480 et
1702 3421 1958 3480 furantur
1977 3447 1990 3460 ·

1484 3498 1596 3562 ²¹U
1617 3504 1675 3562 bi
1703 3504 1860 3561 enim
1888 3502 2057 3561 fuerit

1618 3584 1959 3643 thensaurus
1987 3594 2121 3644 tuus

1621 3666 1697 3724 ibi
1724 3666 1832 3724 erit
1857 3675 1916 3724 et
1943 3684 2046 3724 cor
2074 3677 2236 3725 tuu'·

1498 3745 1838 3807 ²’Lucerna
1870 3749 2131 3824 corporis

1623 3830 1702 3887 tui
1729 3839 1816 3888 est
1832 3829 2033 3889 oculus
2055 3839 2186 3889 tuus
2206 3856 2305 3875 ·—

1567 3909 1643 3971 Si
1673 3911 1877 3970 oculus
1903 3920 2036 3971 tuus
2064 3912 2174 3970 sim

1626 3992 1764 4070 plex
1792 3993 1961 4051 fuerit
1984 4018 1998 4032 ·
2062 4000 2186 4053 totu

1630 4093 1845 4150 corpus
1872 4084 2037 4132 tuum
2066 4075 2125 4133 lu

1627 4156 1825 4215 cidum
1852 4157 1957 4214 erit
1981 4183 1995 4196 ·
2020 4183 2033 4196 ·
2092 4153 2210 4216 ”Si
2238 4174 2314 4217 au

1633 4249 1752 4296 tem
1780 4237 1985 4296 oculus
2014 4247 2145 4295 tuus

1634 4335 1890 4395 nequam
1918 4317 2086 4377 fuerit
2115 4344 2128 4359 ·

1554 4399 1610 4459 T
1632 4409 1796 4459 otum
1822 4416 2034 4478 corpus
2061 4406 2164 4460 tufi

2523 2768 2899 2828 tenebrosum
2927 2769 3030 2827 erit
3054 2794 3067 2810 ·

2464 2851 2542 2912 Si
2571 2869 2714 2927 ergo
2742 2849 2940 2909 lumen
2971 2847 3126 2926 quod

2524 2933 2585 2990 in
2614 2943 2668 2991 te
2699 2943 2788 2990 est
2816 2934 3054 2991 tenebre

2526 3024 2662 3074 sunt
2681 3041 2694 3054 ·
2755 3015 2881 3090 ipse
2909 3024 3043 3072 tene

2528 3096 2632 3153 bre
2662 3106 2875 3173 quante
2905 3105 3076 3154 sunt·

2402 3175 2515 3236 ²⁴N
2534 3195 2669 3236 emo
2699 3186 2890 3254 potest
2919 3177 3040 3236 duo

2530 3260 2641 3317 bus
2669 3259 2921 3317 dominis
2943 3276 3036 3317 ser

2532 3341 2655 3399 uire
2680 3365 2693 3380 ·
2760 3340 2881 3398 Aut
2908 3340 3067 3399 enim

2533 3439 2716 3480 unum
2743 3422 2900 3480 odiet
2977 3430 3036 3480 et

2535 3503 2778 3562 alterum
2807 3503 3026 3562 amabit
3046 3528 3059 3543 ·

2466 3586 2523 3644 A
2545 3595 2608 3643 ut
2635 3603 2820 3644 unum
2848 3585 3002 3661 patie

2537 3677 2629 3726 tur
2707 3676 2764 3725 et
2793 3666 3036 3725 alterum

2539 3757 2877 3808 contemnet
2898 3779 2912 3793 ·
2972 3765 3098 3807 non

2546 3830 2783 3907 potestis
2813 3831 2891 3889 d6
2921 3848 3015 3889 ser

2545 3913 2665 3971 uire
2693 3920 2750 3970 et
2778 3929 3041 3971 mammo

2546 4012 2622 4052 ne
2642 4021 2655 4034 ·
2715 3994 2918 4052 '⁸Ideo
2949 3993 3083 4053 dico

2545 4075 2713 4136 uobis
2792 4094 2868 4134 ne
2896 4076 3089 4152 cogite

2548 4158 2620 4218 tis
2649 4158 2711 4216 in
2739 4158 2917 4216 corde
2944 4175 3050 4216 ues

2549 4249 2638 4298 tro
2714 4238 2856 4315 quid
2883 4239 3105 4299 mandu

2549 4320 2692 4379 cetis
2712 4349 2727 4366 ·
2790 4330 2890 4379 aut
2919 4320 3061 4398 quid

2549 4402 2759 4463 bibatis
2781 4428 2794 4443 ·
2847 4420 3042 4480 neque

3386 840 3724 900 hominibus
3752 857 3866 918 pec

3385 931 3516 982 cata
3544 940 3750 981 eorum
3774 947 3787 961 ·
3848 920 3909 981 di

3384 1005 3563 1065 mittet
3577 1004 3746 1064 uobis
3768 1014 3826 1063 et
3843 1011 4012 1080 pater

3385 1096 3578 1146 uester
3604 1087 3705 1163 qui
3734 1096 3824 1145 est
3850 1085 3911 1142 in

3389 1169 3532 1227 celis
3552 1195 3565 1208 ·
3627 1167 3671 1200 ¹⁶
3685 1166 3747 1226 Si
3776 1176 3972 1226 autem

3391 1267 3515 1308 non
3545 1249 3803 1308 remiseri

3391 1331 3464 1390 tis
3492 1330 3828 1389 hominibus

3394 1422 3645 1490 peccata
3670 1428 3878 1471 eorum
3901 1437 3916 1452 ·

3394 1513 3506 1553 nec
3536 1503 3700 1571 pater
3725 1503 3920 1552 uester

3394 1577 3647 1635 remittet
3668 1575 3838 1634 uobis

3396 1668 3641 1734 peccata
3663 1668 3855 1715 uestra
3876 1679 3961 1707 m

3248 1742 3344 1792 inc.
3365 1738 3488 1790 μεθ’,
3554 1763 3639 1791 ses
3706 1763 3790 1788 se-

3348 1825 3399 1877 0
3415 1842 3526 1879 um
3555 1830 3769 1879 autem
3799 1826 3934 1878 ieiu

3400 1911 3574 1962 natis
3604 1935 3617 1948 ·
3647 1908 3847 1960 nolite
3872 1907 3920 1959 fl

3405 1993 3500 2043 eri
3528 1992 3697 2043 sicut.
3724 1991 3895 2053 hypo

3405 2074 3603 2125 eritne
3631 2073 3850 2123 tristes
3873 2109 3886 2123 .

3324 2144 3379 2205 E
3396 2149 3751 2206 xterminant
3778 2152 3873 2205 eni

3409 2229 3582 2289 facies
3611 2246 3747 2288 suas
3774 2238 3838 2285 ut

3408 2321 3650 2388 pareant
3679 2308 3904 2368 homini

3410 2394 3520 2452 bus
3555 2393 3876 2451 ieiunantes
3898 2414 3914 2430 ·

3336 2477 3393 2535 A
3410 2494 3550 2535 men
3577 2475 3713 2535 dico
3738 2473 3911 2533 uobis

3417 2768 3651 2845 corpori
3677 2776 3875 2827 uestro
3894 2791 3909 2807 ·

3418 2850 3559 2928 quid
3587 2850 3840 2908 induatis
3860 2875 3873 2888 ·
3907 2865 4040 2908 non

3418 2950 3494 2990 ne
3525 2932 3720 2990 anima
3749 2930 3931 3007 pluris

3419 3024 3509 3073 est
3536 3031 3714 3090 quam
3742 3031 3882 3072 esca
3901 3038 3916 3054 ·

3419 3104 3478 3154 et
3505 3112 3722 3171 corpus
3749 3111 3931 3171 quam

3420 3177 3764 3236 uestimenta
3786 3206 3801 3220 ·

3299 3256 3408 3316 ”R
3425 3259 3664 3334 espicite
3690 3257 3910 3316 uolatili

3420 3358 3457 3399 a
3484 3340 3629 3399 caeli
3651 3367 3665 3379 ·
3727 3344 3870 3415 qum
3898 3357 4025 3399 non

3423 3431 3624 3481 serunt
3703 3439 3897 3498 neque

3423 3512 3651 3563 metunt
3671 3533 3685 3547 ·
3750 3520 3945 3579 neque

3426 3594 3789 3661 congregant
3816 3585 3879 3643 in

3431 3665 3643 3725 horreo
3663 3693 3677 3708 ·
3738 3665 3814 3724 Et
3841 3674 4011 3742 pater

3433 3757 3625 3807 uester
3646 3746 3910 3808 caelestis

3436 3830 3533 3889 alit
3561 3828 3685 3888 illas
3709 3859 3722 3874 ·
3782 3846 3982 3888 nonne

3437 3912 3625 3988 magis
3652 3928 3761 3970 uos
3789 3911 3972 3988 pluris

3436 3995 3576 4052 estis
3602 3992 3710 4052 illis
3732 4019 3746 4034 ·
3810 3991 4016 4064 ”Quis

3437 4085 3631 4134 autem
3664 4093 3736 4132 ex
3764 4075 3935 4133 uobis
3962 4092 4045 4135 co

3436 4157 3679 4234 gitando
3708 4165 3902 4234 potest

3440 4239 3671 4299 adicere
3687 4265 3700 4278 ·
3761 4237 3838 4297 ad
3865 4246 4025 4299 statu

3439 4338 3566 4380 ram
3594 4337 3760 4380 suam
3787 4320 3990 4379 cubitu

3440 4420 3624 4461 unum
3653 4433 3666 4448 ·
3695 4400 3738 4436 ¹⁸
3754 4400 3832 4461 Et
3858 4400 3933 4461 de
3966 4401 4080 4464 ind
