4414 4917
804 316 927 387 126

504 492 630 542 rol.
653 494 774 543 182.
799 490 1001 551 talium
1029 500 1117 549 est
1145 490 1304 548 enim

798 602 1051 660 regnum
1080 583 1141 643 dr

798 678 843 713 ¹⁶
860 679 1055 737 Amen
1086 678 1219 737 dico
1246 678 1418 739 uobis

799 773 1154 849 quicumque
1183 790 1307 831 non

796 867 1078 942 receperit
1105 885 1210 942 reg

799 978 943 1019 num
970 959 1031 1019 di
1058 961 1207 1020 sicut
1235 977 1316 1036 pu

796 1072 859 1113 er
888 1072 1011 1113 non
1040 1053 1275 1114 intrabit

793 1149 854 1206 in
884 1148 1025 1206 illud
1047 1179 1063 1195 ·
1127 1148 1170 1181 ²⁸
1192 1148 1270 1206 Et
1298 1165 1417 1207 con

792 1259 1017 1302 uocans
1046 1259 1149 1300 eos
1177 1242 1238 1300 in

795 1337 1057 1411 ponebat
1085 1353 1295 1394 manus

794 1447 969 1506 super
993 1428 1121 1488 illos
1149 1437 1208 1487 et

795 1523 1179 1582 benedicebat
1200 1540 1309 1583 eos
1333 1554 1347 1570 ·

798 1615 843 1649 ¹⁷
861 1616 938 1674 Et
966 1634 1104 1677 cum
1132 1617 1389 1692 procede

796 1720 883 1770 ret
910 1710 969 1768 in
998 1710 1094 1769 uia
1122 1728 1299 1770 occur

794 1823 929 1864 rens
956 1823 1107 1864 unus
1136 1805 1211 1864 ad
1240 1823 1319 1881 ge

795 1916 977 1958 nuam
1006 1900 1130 1958 eius
1163 1916 1226 1958 se

794 1991 1039 2053 uoluens
1069 2010 1214 2069 roga

794 2087 896 2145 bat
924 2086 1123 2145 dicens
1142 2118 1156 2133 ·

791 2181 1068 2256 magister
1095 2180 1252 2240 bone

791 2273 934 2351 quid
960 2273 1170 2334 faciam
1191 2281 1255 2332 ut

791 2368 973 2427 uitam
999 2378 1298 2428 aeternam

795 2498 1131 2579 possideam
1156 2531 1169 2545 ·
1192 2529 1278 2544 -

797 2594 839 2628 ¹⁸
859 2593 959 2652 nis
987 2603 1184 2654 autem
1212 2592 1355 2653 dixit

794 2687 873 2746 illi
954 2687 1094 2764 quid
1122 2705 1217 2746 me
1248 2687 1307 2747 di

796 2782 880 2842 cis
908 2782 1131 2841 bonum
1182 2799 1267 2841 ne

794 2893 896 2934 mo
924 2876 1116 2934 bonus
1198 2873 1309 2932 nisi

794 2986 945 3027 unus
974 2968 1043 3027 ds
1063 3000 1077 3014 ·
1148 2965 1192 2999 ¹⁹
1210 2984 1315 3044 pre

795 3071 967 3138 cepta
986 3061 1139 3120 nosti
1159 3091 1174 3107 ·

795 3173 873 3214 ne
901 3153 1253 3214 adulterabis
1271 3184 1285 3199 ·

794 3268 871 3309 ne
900 3249 1139 3309 occidas

795 3362 870 3404 ne
899 3343 1106 3403 fureris

685 3472 688 3474 Δ
791 3457 869 3497 ne
898 3437 1104 3497 falsum
1131 3435 1365 3497 testimo

795 3533 960 3592 nium
988 3531 1198 3591 dixeris
1220 3563 1236 3579 ·

797 3644 873 3685 ne
903 3625 1103 3685 fraude
1137 3626 1344 3686 feceris
1368 3656 1383 3672 ·

803 3718 1056 3779 Honora
1080 3730 1308 3796 patrem

797 3822 854 3871 et
883 3823 1128 3872 matrem
1149 3845 1163 3860 ·
1183 3847 1227 3860 -

797 3904 843 3939 '⁰
858 3907 940 3965 At
966 3907 1060 3967 ille
1090 3925 1307 3985 respon

794 3999 941 4059 dens
970 4001 1112 4060 dixit
1140 4019 1238 4060 ma

793 4095 970 4170 gister
996 4095 1195 4154 omnia

795 4187 904 4246 hee
935 4188 1244 4247 obseruaui

792 4300 829 4340 a
857 4281 1151 4342 iuuentute
1179 4300 1311 4341 mea

791 4372 834 4408 ¹¹
853 4375 953 4434 Ihs
981 4383 1173 4435 autem
1200 4375 1354 4452 respi

1555 491 1716 550 ciens
1745 508 1879 550 eum
1908 508 1977 551 os

1556 583 1781 643 culatus
1808 594 1894 644 est
1923 585 1961 643 il

1554 677 1675 736 lum
1701 711 1713 724 ·
1779 687 1836 738 et
1865 674 2007 738 dixit
2036 679 2090 739 ei

1554 789 1736 829 unum
1765 772 1866 830 tibi
1896 771 1970 832 de

1554 875 1641 925 est
1664 897 1678 912 ·
1743 865 1911 925 Uade
1940 885 2090 944 quae

1553 977 1807 1037 cumque
1827 959 2009 1019 habes

1550 1053 1742 1113 uende
1824 1063 1882 1112 et
1910 1054 1985 1114 da
2011 1072 2130 1131 pau

1550 1148 1784 1222 peribus
1803 1176 1818 1192 ·
1916 1147 1994 1206 Et
2021 1147 2172 1207 habe

1550 1241 1640 1299 bis
1668 1240 1981 1300 thensaurii

1552 1335 1612 1393 in
1641 1334 1805 1394 caelo
1832 1345 1889 1394 et
1917 1334 2053 1394 ueni

1551 1445 1792 1505 sequere
1821 1446 1917 1487 me
1947 1429 2031 1488 tol

1552 1521 1677 1579 lens
1707 1534 1943 1581 crucem
1962 1554 1977 1568 ·
2009 1555 2050 1566 -

1550 1612 1689 1673 ”At
1716 1616 1811 1675 ille
1839 1617 2054 1676 contris

1552 1719 1702 1768 tatus
1732 1720 1819 1769 est
1848 1710 1907 1767 in
1935 1710 2050 1770 hoc

1550 1804 1727 1863 uerbo
1804 1814 1867 1862 et
1893 1804 2033 1863 abiit

1552 1898 1730 1956 tristis
1754 1929 1768 1944 ·
1827 1897 1980 1957 habe

1551 1993 1652 2050 bat
1681 2000 1875 2050 autem
1903 1991 2022 2050 diui

1551 2085 1660 2143 tias
1694 2085 1903 2145 multas
1923 2116 1983 2132 ·-

1549 2175 1594 2210 ²⁸
1611 2177 1686 2238 Et
1716 2167 2119 2256 cir'eiffeumspi

1549 2272 1714 2331 ciens
1742 2272 1864 2331 ihs·
1950 2273 2097 2332 dixit

1549 2366 1847 2443 discipulis
1890 2367 2010 2424 suis

1553 2516 1730 2575 quam
1760 2497 1988 2558 difficile

1551 2592 1651 2669 qui
1680 2592 1910 2651 diuitias
1940 2591 2160 2652 habent

1550 2686 1611 2744 in
1642 2703 1887 2763 regnum
1917 2686 1976 2745 di
2003 2686 2063 2744 in

1550 2781 1782 2839 trabunt
1806 2810 1820 2825 ·
1893 2777 1936 2813 ²⁴
1952 2781 2099 2840 disci

1551 2872 1673 2949 puli
1701 2882 1895 2932 autem
1925 2875 2049 2934 eius

1551 2967 1846 3042 pauebant
1875 2967 1935 3026 in
1963 2985 2065 3026 uer

1552 3059 1642 3118 bis
1670 3060 1791 3118 eius
1810 3090 1825 3106 ·
1894 3070 1953 3119 at
1982 3061 2070 3120 ihs

1552 3170 1745 3211 rursus
1774 3153 1850 3212 ait
1884 3155 1993 3212 illis

1554 3247 1681 3307 Filii
1765 3266 1943 3324 quam
1973 3249 2145 3310 diffici

1553 3340 1607 3400 le
1636 3350 1723 3399 est
1751 3340 1982 3400 cofiden

1550 3443 1638 3495 tes
1664 3436 1724 3494 in
1754 3437 2017 3513 pecuniis

1551 3548 1796 3607 regnum
1825 3531 1883 3589 di
1912 3532 1973 3589 in

1551 3625 1724 3684 troire
1749 3656 1764 3671 ·
1836 3623 1879 3658 ²⁶
1898 3625 2046 3686 facili

1550 3737 1620 3778 us
1649 3729 1737 3777 est
1766 3730 1963 3779 autem
1991 3737 2063 3779 ca

1551 3812 1769 3872 melum
1799 3832 1902 3891 per
1929 3813 1991 3873 so

1548 3926 1752 3967 ramen
1785 3925 1926 3967 acus

1549 4003 1788 4061 transire
1809 4033 1824 4048 ·
1888 4020 2066 4079 quam

1549 4096 1786 4154 diuitem
1815 4096 1875 4153 in
1904 4115 2008 4172 reg

1549 4207 1692 4246 num
1723 4188 1781 4247 di
1808 4189 2038 4250 introire

1546 4284 1590 4318 ²⁶
1610 4283 1690 4340 At
1717 4281 1796 4341 illi
1822 4284 2011 4359 magis
2039 4284 2195 4344 admi

1546 4377 1822 4436 rabantur
1889 4378 2059 4438 dicen

2218 318 2463 383 SEU·-

2360 501 2451 550 tes
2480 489 2556 553 ad
2585 501 2770 550 semet
2795 491 2859 569 ip

2363 603 2463 644 sos
2483 616 2496 631 ·
2572 592 2632 643 et
2659 585 2790 661 quis
2821 604 2901 662 po

2363 689 2475 737 test
2503 678 2700 737 saluos
2729 678 2850 738 fieri
2882 710 2896 726 ·

2361 769 2405 805 ²⁷
2421 771 2499 830 Et
2525 774 2757 830 intuens
2783 772 2912 833 illos

2362 865 2451 924 ihs
2480 866 2623 924 dixit
2655 898 2667 911 ·
2716 867 2873 944 apud
2901 865 2981 927 ho

2360 959 2549 1019 mines
2579 962 2816 1037 quidem

2361 1054 2696 1131 inpossibile
2733 1065 2822 1114 est

2360 1147 2465 1207 sed
2493 1166 2615 1208 non
2644 1148 2800 1226 apud
2827 1149 2927 1208 dm
2948 1179 2964 1195 ·

2361 1239 2581 1300 Omnia
2609 1244 2770 1302 enim
2797 1261 2909 1319 pos

2361 1335 2548 1394 sibilia
2576 1346 2707 1395 sunt
2736 1336 2892 1413 apud

2360 1429 2461 1488 dffi
2485 1460 2499 1475 ·
2522 1461 2536 1476 ·
2560 1462 2572 1477 ·
2624 1428 2667 1463 ²⁸
2684 1431 2762 1491 Et
2790 1449 2900 1491 coe

2359 1523 2446 1600 pit

2360 1710 2549 1771 dicere
2580 1711 2658 1769 illi
2677 1743 2691 1758 ·
2764 1729 2907 1771 ecce

2359 1823 2470 1863 nos
2499 1805 2830 1883 reliquimus

2361 1899 2562 1959 omnia
2594 1911 2651 1958 et
2679 1917 2818 1959 secu

2360 1993 2400 2050 ti
2430 2010 2631 2051 sumus
2659 2002 2715 2053 te
2740 2025 2754 2040 ·

2359 2084 2403 2119 ²⁹
2422 2085 2814 2163 Respondens
2842 2105 2919 2146 au

2358 2190 2476 2238 tem
2504 2180 2593 2238 ihs
2621 2180 2764 2238 dixit

2357 2274 2554 2332 Amen
2584 2273 2713 2334 dico
2739 2274 2911 2335 uobis

2360 2386 2538 2427 nemo
2566 2378 2652 2426 est
2680 2369 2781 2445 qui
2809 2387 2870 2429 re

2360 2500 2565 2577 linquit
2594 2500 2839 2560 domum
2863 2531 2878 2547 ·

2361 2604 2458 2652 aut
2487 2593 2686 2653 fratres
2713 2625 2730 2640 ·

2361 2698 2458 2746 aut
2488 2706 2716 2747 sorores
2746 2720 2762 2736 ·
2799 2721 2812 2735 ·

2362 2792 2459 2840 aut
2486 2792 2733 2841 matrem

2361 2886 2458 2934 aut
2487 2886 2710 2953 patrem

2360 2980 2460 3028 aut
2487 2988 2728 3029 uxorem
2760 3002 2774 3017 ·

2360 3073 2458 3122 aut
2486 3063 2637 3123 filios

2360 3166 2460 3216 aut
2486 3176 2658 3234 agros
2687 3176 2835 3235 prop

2259 3285 2260 3290 κ
2360 3262 2445 3311 ter
2472 3270 2569 3311 me
2623 3263 2680 3311 et
2706 3270 2857 3329 prop

2359 3355 2446 3405 ter
2471 3346 2841 3422 euangelium

2357 3439 2403 3472 ⁸⁰
2420 3441 2518 3517 qui
2547 3458 2670 3500 non
2698 3441 2943 3518 accipiet

2361 3534 2621 3594 centiens
2650 3541 2814 3592 tantii

2359 3628 2421 3686 in
2456 3629 2572 3688 hoc
2600 3638 2863 3706 tempore

2361 3722 2572 3781 domos
2659 3733 2759 3783 aut
2786 3723 2874 3781 fra

2359 3826 2473 3875 tres
2503 3847 2518 3862 ·
2604 3825 2704 3874 aut

2359 3927 2588 3970 sorores
2618 3941 2633 3956 ·
2719 3921 2820 3970 aut
2847 3926 2948 3971 ma

2357 4015 2504 4063 trem
2525 4035 2539 4050 ·
2586 4014 2644 4063 et
2664 4004 2815 4064 filios

2359 4109 2416 4158 et
2444 4116 2616 4174 agros
2646 4109 2779 4175 post
2807 4115 2911 4176 per

2358 4192 2756 4252 secutionibus
2780 4224 2794 4239 ·

2356 4295 2413 4344 et
2441 4286 2501 4344 in
2532 4296 2756 4345 uenturo
2785 4286 3021 4347 saeculo

2355 4380 2538 4440 uitam
2567 4390 2864 4441 aeternam

3503 330 3597 396 [X·
3629 348 3820 401 14-35·

3115 490 3156 524 ³¹
3179 489 3355 550 Multi
3382 502 3574 553 autem

3114 594 3284 645 erunt
3313 587 3484 664 primi
3513 606 3595 647 no

3114 679 3335 738 uissimi
3400 681 3477 740 Et
3505 683 3676 743 nouis

3115 773 3244 830 simi
3281 774 3451 851 primi
3475 806 3489 821 ·
3513 806 3529 822 ·

3064 862 3094 896 '¹
3115 866 3161 900 δ’
3177 866 3349 926 Erant
3378 879 3572 928 autem
3599 870 3663 929 in
3691 870 3786 929 uia

3065 957 3095 991 ¹⁸¹
3113 962 3492 1023 ascendentes

3064 1057 3096 1092 ⁸⁸²
3115 1055 3510 1135 hierosolyma
3528 1089 3544 1105 ·

3067 1148 3097 1179 ²¹¹
3116 1150 3193 1208 Et
3220 1151 3608 1227 praecedebat

3067 1241 3096 1275 ⁴¹
3118 1244 3247 1302 illos
3275 1244 3366 1303 ihs
3434 1255 3493 1304 et
3519 1263 3600 1324 pa

3112 1339 3331 1398 uebant
3352 1370 3366 1386 ·
3437 1348 3497 1398 et
3523 1358 3587 1399 se

3112 1440 3360 1508 quentes
3388 1433 3527 1492 time

3111 1527 3253 1583 bant
3272 1557 3286 1571 ·
3311 1556 3326 1572 ·
3355 1557 3370 1573 ·
3441 1525 3520 1585 Et
3547 1526 3693 1586 adsu

3113 1636 3281 1677 mens
3308 1619 3521 1678 iterum

3111 1711 3421 1771 duodecim
3445 1744 3461 1760 ·
3530 1731 3641 1773 coe

3111 1805 3198 1883 pit
3226 1804 3337 1864 illis
3365 1805 3496 1865 dice

3111 1917 3173 1958 re
3243 1917 3393 1976 quae
3421 1901 3476 1959 ei
3503 1918 3569 1960 es

3113 2003 3241 2052 sent
3267 2004 3510 2053 uentura

3113 2086 3158 2120 ⁸⁸
3174 2086 3331 2159 Quia
3359 2104 3495 2146 ecce
3524 2105 3705 2148 ascen

3113 2180 3305 2239 dimus
3339 2180 3573 2242 hieroso

3113 2274 3268 2352 lyma
3288 2306 3302 2321 ·
3373 2284 3432 2334 et
3459 2275 3610 2337 filius

3111 2367 3367 2428 hominis
3407 2378 3494 2428 tra

3113 2498 3278 2559 detur
3306 2500 3553 2578 principi
3597 2533 3601 2537 -

3112 2595 3222 2652 bus
3262 2594 3570 2653 sacerdotii

3110 2695 3168 2746 et
3197 2688 3399 2746 scribis
3464 2687 3543 2747 Et

3112 2768 3593 2840 condemnabunt

3111 2892 3246 2933 eum
3275 2875 3447 2933 morti
3467 2907 3480 2920 ·
3503 2907 3587 2918 —-

3111 2965 3187 3026 Et
3214 2967 3443 3027 tradent
3472 2986 3610 3028 eum

3110 3062 3383 3138 gentibus
3445 3062 3488 3095 ⁸⁴
3509 3062 3590 3122 Et
3615 3063 3679 3122 in

3112 3154 3310 3214 ludent
3337 3174 3474 3215 eum
3496 3187 3511 3203 ·

3113 3258 3171 3308 et
3199 3259 3532 3326 conspuent

3091 3361 3249 3401 -eum
3309 3343 3386 3401 Et
3414 3342 3493 3403 fla

3111 3436 3408 3514 gellabunt
3433 3442 3508 3496 eii

3356 3530 3436 3589 Et
3467 3549 3568 3590 cru

3114 3625 3352 3702 cifigent

3115 3737 3252 3779 eum
3274 3750 3288 3765 ·
3359 3719 3438 3779 Et
3465 3729 3603 3797 post

3114 3814 3345 3872 tertium
3377 3812 3536 3873 diem

3113 3915 3376 3983 resurget
3397 3939 3411 3954 ·

3112 4001 3157 4034 ³⁶
3175 4001 3250 4060 Et
3279 4010 3651 4061 accesserunt

3112 4096 3188 4155 ad
3215 4113 3352 4154 eum
3379 4096 3590 4156 iacobo

3112 4192 3221 4249 bus
3250 4199 3307 4249 et
3335 4190 3624 4250 iohannes

3113 4285 3192 4344 fili
3220 4284 3455 4344 zebedei
3482 4284 3542 4343 di

3111 4388 3310 4440 centes
3329 4410 3345 4426 ·
3415 4379 3604 4456 magis

3843 498 4110 548 Fam.
