4414 4917
554 372 663 421 xx.
692 366 1033 436 15—XX1.8.]

247 540 369 588 τοι
387 540 518 589 aso.
556 531 725 591 Dr'ie·
762 531 812 590 si
839 540 902 589 tu
931 527 1171 606 portasti

552 627 711 685 illum
738 625 832 684 dic
862 623 1005 685 mihi
1031 641 1072 680 u

553 722 611 779 bi
638 721 801 780 illum
831 717 1073 796 posuisti

555 824 612 874 et
640 833 754 891 ego
783 813 944 872 illum
978 811 1178 871 tollam
1202 840 1217 856 ·

556 907 599 943 ¹⁶
614 908 770 968 Dicit
795 908 875 967 illi
894 907 983 965 ihs
1032 904 1214 976 maria
1237 935 1251 950 ·

553 1003 647 1063 illa
676 1019 960 1063 conuersa
985 1000 1125 1059 dicit

551 1097 628 1155 illi
655 1097 899 1157 rabboni
919 1127 933 1142 ·
977 1093 1139 1172 quod

554 1192 758 1251 dicitur
786 1190 1063 1266 magister
1086 1220 1101 1234 ·

555 1284 598 1319 ¹⁷
613 1287 713 1344 Ait
742 1286 820 1345 illi
851 1285 942 1344 ihs
1010 1283 1130 1342 noli
1158 1298 1254 1340 me

561 1390 797 1457 tangere
826 1378 1030 1438 nondfi

561 1474 797 1533 ascendi
824 1473 898 1532 ad
929 1476 1092 1548 patre

560 1586 757 1628 meum
782 1599 796 1614 ·
856 1566 1028 1626 Uade

561 1681 700 1739 ergo
728 1663 805 1722 ad
833 1661 1035 1719 fratres

565 1775 728 1817 meos
760 1767 816 1815 et
847 1756 939 1814 dic
970 1754 1079 1812 illis
1103 1785 1117 1799 ·

563 1851 819 1911 ascendo
849 1849 924 1908 ad
954 1853 1113 1925 patre

563 1964 762 2005 meum
785 1976 799 1991 ·
865 1953 923 2003 et
950 1944 1024 2001 ad
1053 1945 1215 2018 patre

566 2052 817 2101 uestrum
837 2071 851 2085 ·
895 2038 970 2098 ad
994 2037 1097 2096 din

565 2154 762 2194 meum
788 2144 845 2193 et
871 2132 946 2192 ad
974 2131 1076 2189 dm

563 2240 818 2289 uestrum
841 2259 855 2274 ·
878 2258 892 2275 ·
937 2226 977 2263 ¹⁸
1000 2224 1179 2284 Uenit

558 2324 738 2384 maria
764 2321 1116 2399 magdalena

623 2453 779 2505 lectio
802 2452 852 2502 in
878 2451 1029 2517 plena
1052 2465 1205 2515 pasca
1285 2430 1292 2437 ’

665 2532 777 2581 diae
799 2530 1158 2580 dominicarum

563 2612 908 2673 adnuntians
941 2610 1161 2686 di⁸cipu

563 2708 630 2766 lis
658 2705 817 2784 quod
846 2705 996 2763 uidis

566 2811 652 2860 set
679 2801 823 2860 dnm
887 2808 944 2857 et
972 2798 1117 2856 haec
1140 2795 1240 2854 dix

569 2896 734 2954 sisset
755 2893 833 2952 illi
856 2924 870 2940 ·
916 2896 952 2954 †
969 2889 1014 2924 ¹⁹
1037 2891 1166 2949 Iam
1188 2908 1262 2949 au

571 2999 685 3048 tem
713 3006 847 3048 cum
879 2996 1031 3045 esset
1057 3002 1163 3043 ues

574 3101 708 3159 pera
735 3082 850 3141 diei
878 3081 1026 3139 illius
1046 3111 1059 3125 ·

574 3195 719 3254 quae
748 3187 837 3235 est
865 3175 1051 3255 prima
1078 3174 1185 3232 sab

573 3271 691 3330 bati
714 3302 728 3317 ·
791 3281 850 3329 et
867 3269 1044 3329 osteis
1065 3266 1241 3326 clusis

574 3365 668 3422 ubi
696 3373 861 3423 erant
888 3361 1154 3439 discipuli
1183 3392 1197 3406 ·

576 3469 807 3536 propter
834 3458 1105 3516 timorem

577 3551 913 3611 iudaeorum
937 3582 951 3597 ·
1009 3548 1189 3607 Uenit

577 3645 664 3705 ihs
691 3656 749 3704 et
770 3645 922 3703 stetit
949 3644 1010 3702 in
1038 3641 1234 3701 medio
1254 3673 1267 3687 ·

579 3748 635 3797 et
661 3740 797 3799 dicit
824 3739 934 3797 illis
991 3755 1108 3815 pax
1130 3753 1209 3795 uo

1807 352 2030 416 IOHA
2043 340 2253 415 NNE'
2270 383 2284 398 ·

1304 526 1453 586 sicut
1480 526 1635 585 misit

1304 626 1401 667 me
1429 619 1594 684 pater

1303 712 1362 762 et
1388 721 1503 779 ego
1532 703 1699 762 mitto
1728 719 1839 761 uos
1864 733 1877 748 -

1303 798 1348 831 ²²
1369 796 1537 856 Haec
1568 815 1704 855 cum
1726 796 1961 856 dixisset

1303 892 1417 951 illis
1441 922 1455 939 ·
1515 891 1760 950 Suflauit
1865 964 1874 974 ι

1306 998 1364 1045 et
1391 986 1537 1045 dixit
1559 1017 1574 1031 ·
1634 985 1841 1062 Accipi

1306 1091 1362 1140 te
1393 1087 1528 1157 spm
1558 1087 1685 1139 scm
1758 1079 1821 1138 Si

1302 1174 1347 1209 ²³
1365 1194 1617 1252 quorum
1643 1175 1816 1232 remis

1306 1270 1492 1330 seritis
1520 1280 1764 1346 peccata

1306 1365 1626 1424 remittetur
1647 1365 1732 1423 eis
1756 1394 1771 1411 ·

1312 1458 1373 1517 Si
1401 1459 1565 1518 cuius
1593 1459 1814 1517 tenueri

1310 1554 1381 1613 tis
1410 1555 1790 1613 tenebuntur·

1308 1645 1353 1680 ²⁴
1371 1647 1638 1706 Thomas
1667 1657 1864 1706 autem

1309 1759 1459 1800 unur
1486 1760 1560 1799 ex
1589 1741 1786 1800 duode

1312 1837 1427 1896 cim
1458 1835 1756 1912 discipulis
1778 1866 1793 1882 ·

1313 1930 1435 2003 Qui
1459 1930 1822 2007 cognomina

1311 2036 1404 2084 tur
1431 2025 1704 2103 dydimus

1309 2139 1433 2179 non
1461 2130 1584 2179 erat
1618 2137 1753 2179 cum
1780 2118 1821 2177 il

1307 2214 1378 2274 lis
1398 2246 1411 2261 ·
1476 2213 1716 2292 quando
1744 2230 1818 2272 ue

1309 2318 1475 2368 nerat
1510 2309 1601 2367 ihs

1308 2598 1354 2634 ²⁸
1372 2599 1645 2659 dicebant
1667 2616 1807 2674 ergo
1830 2598 1908 2656 illi

1311 2693 1405 2752 alii
1437 2693 1702 2768 discipuli
1771 2693 1831 2751 ui

1312 2788 1505 2847 dimus
1536 2787 1678 2845 dnm
1698 2818 1713 2833 ·
1772 2796 1831 2846 at
1858 2786 1951 2846 ille

1313 2883 1459 2942 dixit
1485 2881 1570 2940 eis
1594 2913 1608 2927 ·
1674 2882 1788 2941 nisi
1814 2881 1873 2940 ui

1316 2976 1457 3035 dero
1486 2975 1546 3032 in
1575 2977 1844 3035 manibus

1315 3073 1438 3130 eius
1465 3070 1660 3129 locum
1689 3069 1854 3131 clauo

1317 3183 1446 3222 rum
1471 3196 1484 3210 ·
1541 3175 1600 3223 et
1627 3164 1854 3223 mittam

1320 3259 1564 3336 digitum
1594 3277 1791 3317 meum

1318 3353 1380 3411 in
1409 3354 1602 3412 locum
1632 3354 1867 3412 clauoril

1320 3446 1398 3506 Et
1424 3448 1651 3507 mittam
1678 3465 1920 3505 manum

1320 3560 1515 3600 meam
1541 3543 1602 3600 in
1629 3541 1778 3600 latus
1807 3542 1930 3601 eius

1322 3654 1446 3694 non
1475 3636 1710 3695 credam
1728 3666 1742 3681 ·

1322 3731 1367 3764 ²⁶
1383 3730 1461 3788 Et
1493 3740 1630 3806 post
1658 3730 1782 3789 dies
1810 3740 1949 3789 octo
1990 3743 1993 3748 ’

580 3830 664 3891 bis
686 3857 700 3872 ·
744 3830 789 3864 ²⁰
805 3841 863 3892 et
880 3830 995 3890 hoc
1018 3847 1152 3888 cum
1175 3828 1273 3887 dix
1323 3825 1530 3884 iterum
1559 3834 1722 3883 erant
1749 3824 1812 3882 in

584 3926 745 3985 sisset
767 3957 781 3972 ·
847 3923 1106 3984 ostendit
1134 3940 1234 3981 ma

583 4035 688 4078 nus
716 4030 773 4078 et
800 4019 949 4077 latus
977 4016 1086 4074 illis
1107 4047 1122 4061 ·

1326 3930 1416 3977 tus
1445 3919 1505 3976 in
1533 3936 1714 3976 unum
1737 3916 1881 3975 disci

1325 4012 1444 4089 puli
1473 4012 1621 4070 illius
1645 4042 1658 4057 ·
1730 4021 1788 4069 et
1816 4010 1918 4068 tho

585 4110 785 4172 Gauisi
808 4121 946 4172 sunt
967 4120 1163 4168 autem
1184 4108 1274 4168 dis
1326 4124 1454 4164 mas
1480 4115 1600 4163 erat
1628 4122 1762 4162 cum
1791 4104 1900 4162 illis
1922 4135 1937 4150 ·

581 4205 749 4282 cipuli
817 4223 952 4265 cum
980 4203 1135 4261 nidis

581 4308 706 4356 sent
733 4299 877 4358 dfim
896 4328 911 4344 ·
956 4293 998 4327 ²¹
1017 4296 1162 4354 dixit
1187 4313 1250 4353 er

1327 4199 1506 4259 Uenit
1534 4198 1624 4258 ihs
1653 4199 1832 4257 osteis

1328 4293 1503 4353 clusis
1527 4324 1540 4339 ·
1599 4291 1677 4350 Et
1707 4291 1861 4349 stetit

578 4405 655 4464 go
673 4388 780 4450 illis
801 4391 947 4450 iterii
968 4405 1085 4464 pax
1107 4388 1275 4447 uobis
1327 4388 1387 4446 in
1416 4386 1613 4446 medio
1641 4396 1700 4445 et
1729 4383 1873 4443 dixit

2108 542 2226 600 pax
2256 522 2427 582 uobis
2452 553 2465 568 ·
2509 520 2555 556 ²⁷
2571 521 2728 580 Dein

2109 619 2182 677 de
2213 617 2353 677 dicit
2382 617 2620 676 thomae

2108 713 2342 789 porrige
2371 711 2616 787 digitum

2106 816 2272 864 tuum
2303 806 2415 864 huc
2441 836 2454 852 ·
2519 814 2579 863 et
2606 805 2665 863 ui

2106 899 2181 958 de
2210 918 2420 958 manus
2448 917 2610 958 meas

2106 1003 2164 1052 et
2192 988 2334 1052 affer
2361 1011 2600 1051 manum
2628 1003 2692 1051 tu

2109 1105 2207 1145 am
2229 1119 2242 1134 -
2305 1096 2362 1145 et
2390 1087 2550 1145 mitte
2579 1087 2640 1145 in
2670 1085 2726 1145 la

2108 1192 2201 1240 tus
2231 1200 2428 1240 meum
2450 1212 2464 1227 ·
2525 1191 2582 1239 et
2611 1198 2691 1240 no

2107 1276 2147 1334 li
2176 1294 2306 1334 esse
2329 1274 2660 1333 incredulus

2109 1369 2214 1429 sed
2243 1369 2429 1429 fidelis
2451 1400 2465 1415 ·
2509 1366 2552 1401 ²⁸
2575 1368 2654 1427 Et
2681 1386 2775 1428 res

2108 1463 2320 1540 pondit
2349 1463 2582 1522 thomas

2109 1567 2167 1615 et
2194 1556 2338 1615 dixit
2364 1556 2480 1614 illi.
2545 1557 2658 1616 dfis

2109 1669 2277 1709 meus
2306 1661 2363 1709 et
2392 1650 2460 1709 ds
2488 1668 2654 1709 meus
2678 1682 2692 1697 ·

2106 1746 2153 1780 ²⁹
2171 1745 2328 1804 Dicit
2354 1745 2434 1803 illi
2461 1745 2551 1804 ihs
2581 1746 2716 1822 quia

2109 1840 2307 1899 uidisti
2337 1858 2434 1899 me
2463 1850 2522 1899 et
2551 1857 2648 1898 cre

2111 1934 2307 1993 didisti
2329 1965 2343 1979 ·
2408 1933 2573 1992 Beati
2602 1933 2702 2011 qui

2112 2046 2236 2088 non
2263 2027 2532 2086 uiderunt
2552 2058 2565 2072 ·

2113 2134 2172 2182 et
2201 2122 2570 2181 crediderunt

2111 2216 2158 2249 ³⁰
2177 2215 2368 2274 Multa
2395 2215 2629 2292 quidem
2659 2222 2717 2273 et
2737 2230 2773 2272 a

2110 2310 2189 2370 lia
2218 2311 2387 2387 signa
2406 2309 2542 2369 fecit
2562 2308 2651 2366 ihs

2115 2618 2319 2661 coram
2347 2597 2648 2675 discipulis

2116 2695 2234 2754 suis
2256 2704 2405 2770 quae
2433 2711 2556 2751 non
2585 2701 2719 2751 sunt

2118 2785 2389 2870 sc[ri]bta
2407 2788 2467 2846 in
2490 2787 2605 2846 hoc
2627 2786 2774 2844 libro
2798 2816 2813 2832 ·

2117 2883 2159 2916 ⁸¹
2182 2882 2352 2941 Haec
2381 2890 2573 2941 autem
2604 2881 2819 2939 scribta

2119 2988 2254 3036 sunt
2279 2987 2343 3035 ut
2370 2993 2480 3034 uos
2508 2976 2684 3035 creda

2120 3072 2192 3129 tis
2213 3101 2227 3117 ·
2293 3075 2434 3147 qiim
2464 3069 2552 3128 ihs
2581 3080 2668 3128 est

2121 3170 2235 3241 xps
2264 3164 2412 3223 filius
2441 3164 2503 3222 di
2527 3194 2541 3209 ·
2601 3174 2660 3222 et
2687 3172 2752 3221 ut

2121 3257 2425 3318 credentes
2451 3258 2630 3316 uitam

2123 3363 2419 3412 aeternam
2447 3351 2709 3410 habeatis

2120 3447 2183 3505 in
2213 3446 2450 3504 nomine
2479 3446 2602 3504 eius
2621 3471 2702 3496 ω

2077 3538 2106 3571 *
2132 3546 2226 3599 21.
2255 3539 2274 3571 ²
2298 3539 2510 3599 Postea
2535 3538 2782 3598 manises

2078 3634 2107 3667 '¹
2132 3635 2272 3694 tauit
2301 3652 2364 3693 se
2391 3635 2596 3692 iterum

2078 3729 2108 3762 '⁸‘
2133 3730 2224 3788 ihs
2251 3727 2550 3805 discipulis
2580 3727 2698 3786 suis

2123 3823 2198 3883 ad
2228 3841 2389 3881 mare
2418 3821 2620 3880 tiberia

2124 3918 2248 3976 dis·
2308 3914 2617 3973 manifesta

2122 4012 2206 4068 uit
2236 4010 2432 4068 autem
2461 4025 2524 4067 se
2553 4009 2636 4066 sic
2660 4039 2675 4055 ·

2123 4107 2145 4140 ²
2162 4104 2345 4162 Erant
2372 4102 2541 4161 simul
2569 4102 2748 4159 simon

2125 4210 2323 4276 petrus
2391 4208 2448 4256 et
2482 4197 2713 4256 thomas

2125 4293 2226 4370 qui
2255 4291 2536 4369 apellatur
2563 4290 2701 4367 dydi

2126 4403 2257 4445 mus
2282 4417 2295 4433 ·
2358 4396 2416 4444 et
2445 4384 2756 4445 nathanael

3471 362 3545 427 71

2849 538 2886 579 a
2920 538 3069 579 cana
3093 518 3335 597 galileae
3354 550 3369 567 ·

2854 625 2912 673 et
2941 615 3019 672 fili
3047 615 3286 674 zebedei
3349 613 3429 673 Et

2857 709 2953 767 alii
2983 710 3101 769 duo
3133 727 3205 768 ex
3234 704 3530 790 dis[ci]pu

2855 802 2925 861 lis
2954 804 3104 862 illius
3125 834 3138 850 ·
3198 803 3220 835 ⁸
3239 803 3401 862 Dicit
3430 804 3517 863 eis

2852 898 3047 956 simon
3073 906 3271 974 petrus
3293 916 3369 956 ua

2854 992 2933 1051 do
2963 993 3186 1069 piscare
3211 1023 3226 1039 ·
3289 992 3492 1051 dicunt

2854 1086 2931 1144 illi
2960 1087 3228 1145 uenimus
3256 1096 3315 1146 et
3342 1096 3444 1144 n⁰s

2855 1190 3050 1239 tecum
3075 1211 3089 1226 ·
3145 1179 3430 1238 Exierunt

2854 1284 2914 1333 et
2941 1274 3329 1333 ascenderunt
3357 1274 3419 1331 in

2852 1386 3068 1427 nauem
3092 1399 3106 1415 ·
3166 1368 3242 1427 Et
3271 1368 3331 1425 in
3360 1367 3458 1426 illa

2856 1474 3032 1522 nocte
3062 1463 3365 1541 prehende

2856 1567 2990 1616 runt
3019 1559 3164 1617 nihil
3183 1589 3197 1604 ·
3241 1560 3264 1591 ⁴
3285 1557 3383 1615 Pri

2858 1668 2957 1709 ma
2985 1661 3178 1709 autem
3206 1652 3336 1712 luce
3357 1684 3370 1698 ·

2857 1745 3014 1809 stetit
3042 1745 3130 1803 ihs
3160 1745 3234 1804 ad
3263 1746 3396 1805 litus
3417 1777 3431 1793 ·

2861 1837 3006 1897 Non
3034 1849 3234 1897 tamen
3263 1840 3517 1898 scierunt

2861 1932 3129 2009 discipuli
3156 1934 3295 2008 quia
3323 1934 3413 1992 ihs

2863 2036 3016 2085 erat·
3077 2026 3256 2086 ⁶dicit
3284 2044 3427 2102 ergo

2863 2120 2972 2178 illis
3001 2120 3090 2179 ihs
3118 2122 3280 2197 pueri
3318 2127 3399 2180 nu

2863 2214 3004 2291 quid
3030 2215 3378 2292 pulmentari

2861 2326 2964 2366 um
2991 2308 3217 2370 habetis
3235 2340 3249 2356 ·

2865 2597 3294 2674 responderunt
3321 2598 3402 2658 illi

2867 2709 2989 2751 non
3014 2723 3028 2737 ·
3073 2692 3095 2725 ⁶
3116 2702 3174 2750 at
3202 2693 3295 2752 ille
3324 2693 3468 2754 dixit

2867 2786 2954 2845 eis
3026 2786 3231 2845 mittite
3259 2788 3319 2846 in
3350 2789 3464 2848 dex

2867 2890 3016 2938 tram
3043 2890 3266 2957 partem
3294 2884 3463 2943 nauis

2868 2976 3011 3034 retia
3037 2986 3095 3035 et
3124 2976 3430 3039 inuenietis
3454 3011 3467 3026 ·

2870 3070 3152 3129 miserunt
3179 3091 3322 3148 ergo
3351 3082 3409 3133 et

2872 3182 2996 3223 non
3026 3177 3339 3241 potuerunt
3368 3187 3431 3228 re

2872 3259 2951 3316 tia
2979 3258 3204 3319 trahere
3232 3280 3372 3337 prae

2874 3351 3240 3411 multitudine
3263 3355 3411 3431 pisci

2876 3463 2978 3503 um
3001 3477 3016 3491 ·
3061 3447 3082 3478 ⁷
3101 3446 3257 3505 Dicit
3286 3466 3429 3524 ergo

2876 3539 3190 3616 discipulus
3215 3540 3306 3599 ille
3335 3546 3451 3617 qut-2

2876 3633 3153 3709 diligebat
3181 3634 3272 3693 ihs
3315 3635 3388 3694 ad
3418 3653 3494 3712 pe

2876 3735 3028 3784 trum
3048 3758 3062 3773 ·
3107 3727 3218 3787 dfis
3247 3739 3334 3787 est
3354 3759 3368 3775 ·
3429 3728 3493 3788 Si

2874 3837 3019 3879 mon
3048 3839 3190 3897 ergo
3222 3832 3423 3899 petrus

2872 3923 2939 3972 ut
2966 3914 3182 3972 audiuit
3209 3915 3371 3990 quod

2872 4006 2984 4067 dr‘is
3006 4018 3091 4066 est
3153 4009 3411 4068 tunicam

2873 4119 2937 4160 se
2965 4101 3365 4180 circumcinxit

2873 4195 3066 4254 nudus
3095 4196 3253 4254 enim
3281 4206 3404 4256 erat

2875 4297 2933 4349 et
2959 4290 3116 4348 misit
3137 4306 3200 4348 se
3229 4290 3291 4348 in
3313 4308 3475 4349 mare

2874 4384 2896 4418 ⁸
2937 4395 2967 4426 0
3029 4382 3068 4441 li
3097 4400 3176 4461 qu
3237 4401 3379 4443 uero
3410 4384 3556 4444 disci

3577 528 3701 580 1¹01.
3720 529 3842 578 251.
