4414 4917
602 356 895 419 1X.36-X.
925 352 1029 421 ¹4·]
1354 324 1357 325 ⁷
1959 345 2233 408 MARC
2253 376 2304 408 ‚·
3490 364 3563 411 12
3570 360 3612 430 5

297 519 426 569 1¹01.
448 520 572 568 180·
601 516 924 593 conplexus
952 524 1103 575 esset
1352 514 1507 574 circa
1535 514 1688 576 collo
1717 514 1844 575 eius
2157 525 2217 576 et
2246 516 2398 592 ignis
2428 534 2550 576 non
2572 517 2734 576 extin
2910 514 3064 575 istud
3085 548 3099 563 ·
3181 516 3208 549 ⁸
3227 516 3303 577 ab
3330 516 3496 577 initio
3635 533 3758 583 ποι.
3782 536 3901 584 181.

598 612 678 671 ait
705 612 813 670 illis
836 642 851 658 ·
913 609 958 643 ⁸⁷
977 608 1240 688 quisquis
1351 620 1410 668 et
1437 609 1498 667 in
1527 610 1670 668 mari
1699 611 1861 669 mitte
2155 621 2364 687 guetur
2386 641 2400 656 ·
2423 641 2438 656 ·
2516 611 2563 644 ⁴⁹
2580 611 2775 671 omnis
2909 610 3068 669 enim
3098 611 3425 670 masculum

596 725 670 765 ex
700 703 1035 764 huiusmodi
1064 721 1181 781 pue
1350 714 1506 762 retur
1530 737 1543 751 ·
1572 737 1584 751 ·
1631 704 1771 764 “Et
1801 705 1849 764 si
1886 722 2033 764 scan
2156 705 2315 763 enim
2342 704 2492 781 ignis
2524 694 2528 699 ⁴
2563 703 2694 763 allie
2907 713 2967 763 et
2994 703 3272 763 feminam
3301 704 3434 764 fecit

595 801 674 859 ris
702 799 965 876 reciperit
992 798 1053 856 in
1351 798 1561 857 dalizat
1588 808 1645 858 te
1675 817 1887 858 manus
2153 808 2245 856 tur
2267 829 2281 844 ·
2345 797 2424 856 Et
2452 798 2647 857 omnis
2908 816 3014 857 eos
3044 797 3113 857 ds
3196 800 3218 831 ⁷
3238 808 3296 858 et
3324 799 3469 858 dixit
3491 830 3506 848 ·

596 894 832 953 nomine
862 910 998 951 meo
1067 910 1161 951 me
1348 904 1447 952 tua
1476 893 1708 952 abscide
1735 893 1882 952 illa-
2152 891 2388 950 uictima
2417 892 2553 951 salis
2577 892 2634 951 al
2909 890 3152 968 Propter
3178 892 3295 952 hoc
3326 893 3470 952 relin

594 988 797 1064 recipit
814 1018 829 1033 ·
889 996 947 1045 et
973 986 1149 1063 quiesi
1349 985 1589 1045 Bonum
1615 996 1703 1045 est
1732 987 1834 1045 tibi
1863 988 1934 1047 de
2152 985 2318 1045 lietur
2342 1018 2355 1031 ·
2382 1017 2396 1033 ·
2446 984 2493 1018 ⁶⁰
2510 987 2732 1044 bonum
2909 995 3048 1062 quet
3076 985 3257 1046 homo
3301 992 3466 1063 patre

595 1099 709 1158 que
737 1100 832 1140 me
861 1081 1063 1157 recipit
1084 1111 1099 1126 ·
1349 1081 1524 1140 bilem
1553 1081 1786 1140 introire
2152 1090 2240 1139 est
2269 1079 2354 1138 sal
2434 1079 2594 1155 quod
2623 1080 2673 1139 si
2908 1097 3080 1138 suum
3106 1090 3165 1138 et
3193 1085 3374 1139 matre
3401 1113 3414 1127 ·

594 1194 716 1235 non
746 1194 844 1234 me
871 1175 1074 1251 recipit
1102 1173 1208 1233 sed
1349 1175 1409 1233 in
1437 1174 1617 1233 uitam
1687 1193 1866 1252 quam
2152 1173 2238 1233 sal
2262 1173 2544 1233 insulsum
2573 1173 2634 1232 fu
2908 1182 2965 1232 et
2994 1173 3296 1233 adherebit
3323 1192 3401 1233 ux

593 1287 729 1328 eum
757 1269 857 1345 qui
885 1287 980 1327 me
1010 1269 1162 1327 misit
1348 1268 1493 1326 duas
1521 1286 1730 1327 manus
1758 1268 1835 1327 ha
2151 1269 2259 1326 erit
2339 1268 2400 1326 in
2428 1285 2549 1344 quo
2576 1266 2715 1326 illud
2907 1284 3071 1325 orem
3101 1285 3269 1326 suam
3290 1299 3305 1314 ·

592 1362 636 1395 ³⁸
652 1361 978 1439 Respondit
1007 1372 1200 1421 autem
1346 1363 1582 1422 bentem
1609 1362 1729 1422 hire
1759 1363 1817 1421 in
2151 1360 2364 1420 salietis
2387 1392 2402 1407 ·
2463 1361 2675 1421 habete
2903 1360 2925 1393 ⁸
2948 1371 3005 1419 et
3031 1370 3201 1419 erunt
3229 1362 3347 1421 duo
3376 1362 3438 1421 in

597 1456 883 1516 iohannes
912 1455 1113 1516 dicens
1347 1456 1713 1533 geheennam
1748 1456 1809 1534 ig
2150 1454 2211 1512 in
2241 1455 2410 1514 uobis
2438 1455 2576 1532 ipsis
2604 1473 2670 1514 sa
2904 1471 3082 1514 carne
3110 1473 3228 1514 una
3250 1486 3266 1502 ·
3332 1455 3424 1515 Ita

598 1548 879 1628 Magister
907 1550 1158 1609 uidimus
1346 1552 1438 1609 nis
1481 1551 1805 1627 inextingui
2151 1548 2269 1607 lem
2289 1579 2303 1594 ·
2367 1559 2425 1608 et
2453 1567 2660 1625 pacem
2691 1549 2766 1608 ha
2904 1566 3019 1624 que
3047 1548 3165 1607 iam
3195 1567 3320 1608 non
3349 1560 3484 1610 sunt

594 1642 889 1722 quendam
918 1644 978 1702 in
1008 1645 1168 1703 nomi
1345 1643 1523 1704 bilem
1546 1675 1561 1691 ·
1626 1643 1671 1678 ⁴⁴
1687 1645 1785 1703 ubi
1814 1663 1920 1704 uer
2150 1643 2284 1701 bete
2312 1642 2460 1701 inter
2486 1660 2598 1702 uos
2625 1677 2709 1686 —-
2903 1640 3022 1701 duo
3105 1643 3209 1702 sed
3241 1660 3359 1702 una
3386 1662 3459 1703 ca

594 1756 668 1797 ne
696 1748 800 1797 tuo
826 1738 1129 1797 eicientem
1345 1738 1456 1796 mis
1482 1756 1688 1799 eorum
1714 1756 1840 1797 non
2231 1761 2644 1790 ψει-Νει-
2901 1753 2969 1794 ro
2993 1766 3008 1782 ·
3093 1736 3115 1768 ⁹
3130 1736 3293 1814 quod
3320 1754 3463 1813 ergo

596 1830 871 1892 demonia
894 1862 909 1878 ·
984 1832 1123 1909 quia
1345 1833 1621 1891 morietur
1656 1843 1714 1892 et
1742 1832 1802 1908 ig
2100 1826 2129 1859 *
2149 1835 2251 1890 10.
2282 1829 2301 1862 ¹
2323 1829 2404 1889 Et
2424 1830 2560 1889 inde
2590 1849 2687 1891 sur
2903 1828 2972 1887 (ἱὲ
3000 1830 3294 1890 coniunxit
3322 1829 3402 1890 ho

594 1944 717 1985 non
745 1926 1004 2002 sequitur
1030 1943 1142 1985 nos
1345 1926 1436 1985 nis
1465 1944 1588 1985 non
1618 1926 1891 2003 extingue
2101 1921 2131 1955 '⁸‘
2151 1942 2299 2001 gens
2326 1924 2484 1983 uenit
2510 1924 2573 1983 in
2903 1940 3004 1981 mo
3032 1941 3158 1983 non
3185 1931 3415 2000 separet
3436 1956 3450 1971 ·

591 2028 647 2078 et
674 2019 1077 2097 prohibuimus
1343 2031 1435 2078 tur
1454 2051 1469 2066 ·
1526 2020 1664 2079 “Et
1692 2019 1739 2079 si
1769 2037 1873 2096 pes
1901 2030 1962 2079 tu
2098 2016 2127 2049 ¹⁸²
2147 2018 2296 2078 fines
2322 2018 2528 2077 iudeae
2902 2014 2946 2048 ¹⁰
2966 2016 3043 2074 Et
3070 2017 3132 2075 in
3160 2015 3343 2077 domo
3371 2017 3515 2077 itera

590 2131 725 2172 eum
749 2144 763 2159 ·
806 2112 851 2146 ⁸⁹
872 2113 950 2171 Et
977 2124 1176 2190 resp⁰n
1344 2132 1414 2172 us
1457 2113 1812 2173 scandalizat
2146 2123 2306 2172 trans
2325 2113 2605 2172 iodanem
2901 2110 3171 2188 discipuli
3198 2111 3322 2170 eius
3349 2111 3426 2171 de

590 2206 736 2266 dens
763 2207 852 2266 ihs
879 2207 958 2266 ait
1025 2226 1105 2266 no
1343 2218 1400 2267 te
1430 2218 1668 2285 amputa
1697 2207 1859 2266 illum
2145 2207 2225 2265 Et
2246 2207 2524 2268 conuenit
2901 2204 3116 2263 eodem
3143 2205 3358 2264 interro

591 2300 684 2360 lite
713 2300 1018 2378 prohibere
1342 2302 1563 2360 bonum
1592 2310 1678 2360 est
1705 2301 1808 2360 tibi
2143 2301 2349 2361 iterum
2377 2304 2543 2361 turba
2900 2309 3190 2374 gauerunt
3212 2316 3349 2357 eum
3373 2328 3388 2346 ·

590 2413 725 2454 eum
749 2426 763 2441 ·
828 2412 1006 2454 nemo
1033 2404 1119 2454 est
1339 2395 1611 2454 claudum
1645 2395 1797 2454 intro
2144 2393 2223 2453 ad
2251 2413 2387 2454 eum
2410 2426 2424 2442 ·
2488 2407 2546 2454 et
2580 2395 2730 2456 sicut
2900 2388 2941 2423 ¹¹
2961 2390 3040 2450 Et
3067 2391 3212 2450 dixit
3239 2393 3324 2452 eis
3354 2391 3443 2451 ihs

591 2527 748 2586 enim
767 2560 781 2575 ·
865 2528 967 2605 qui
997 2527 1165 2588 faciat
1337 2527 1419 2587 ire
1449 2528 1508 2586 in
1536 2528 1716 2587 uitam
1745 2537 1905 2588 aeter
2144 2537 2532 2588 consueuerat
2559 2547 2656 2587 rur
2900 2523 3251 2601 quicumque
3279 2523 3421 2584 dimi

591 2622 858 2682 uirtutem
887 2623 946 2680 in
975 2623 1139 2681 nomi
1339 2640 1479 2681 nam
1499 2653 1513 2668 ·
1580 2640 1758 2700 quam
1790 2622 1940 2682 duos
2145 2640 2246 2681 sus
2276 2621 2528 2681 docebat
2555 2640 2660 2681 eos
2684 2657 2767 2665 —
2899 2619 3035 2678 serit
3060 2636 3309 2678 uxorem
3337 2630 3494 2678 sua-

589 2732 664 2774 ne
691 2735 827 2776 meo
845 2747 859 2762 ·
922 2715 1001 2774 Et
1028 2717 1234 2792 poterit
1338 2715 1520 2793 pedes
1549 2715 1866 2775 habentem
2141 2713 2256 2775 'Et
2284 2717 2631 2776 accedentes
2661 2716 2764 2776 fari
2897 2723 2955 2770 et
2983 2712 3158 2771 aliam
3188 2712 3413 2772 duxerit

589 2810 703 2869 cito
731 2810 884 2869 male
913 2810 1074 2887 loqui
1103 2811 1175 2870 de
1336 2810 1487 2869 mitti
1514 2810 1575 2868 in
1602 2809 1872 2887 gehenna
1891 2841 1905 2857 ·
2143 2811 2263 2869 saei
2285 2811 2647 2887 interrogaue
2897 2806 3236 2867 moechatur
3262 2825 3438 2885 super

590 2921 683 2963 me
706 2935 721 2950 ·
765 2903 811 2937 ⁴⁰
829 2903 949 2976 Qui
975 2904 1136 2963 enim
1165 2923 1287 2964 non
1338 2903 1399 2961 in
1428 2904 1625 2980 ignem
1655 2904 1900 2962 inex-tin
2140 2914 2276 2962 runt
2303 2922 2438 2963 eum
2458 2935 2472 2950 ·
2534 2904 2583 2963 si
2612 2904 2746 2965 licet
2895 2919 3029 2961 eam
3054 2932 3068 2947 ·
3132 2898 3176 2934 ¹²
3192 2910 3250 2960 et
3278 2901 3328 2961 si
3354 2901 3562 2963 mulier

586 3007 673 3056 est
699 2997 979 3057 aduersus
1006 3016 1116 3057 uos
1336 2998 1617 3074 guibilem
1698 2998 1743 3030 ⁴⁶
1762 2998 1862 3056 ubi
2140 2999 2268 3057 uiro
2297 3017 2542 3058 uxorem
2573 2998 2633 3057 di
2897 2995 3099 3054 exierit
3127 3013 3163 3054 a
3188 2996 3317 3055 uiro
3378 3007 3438 3056 et

584 3109 692 3169 pro
713 3092 885 3152 uobis
913 3101 1000 3151 est
1022 3123 1037 3138 ·
1333 3092 1549 3151 uermis
1586 3109 1791 3150 eorum
2138 3092 2361 3151 mittere
2386 3123 2401 3138 ·
2465 3103 2626 3169 temp
2897 3089 2992 3148 alii
3021 3091 3277 3148 nubserit
3305 3108 3444 3151 moe

583 3182 627 3219 ⁴¹
647 3185 927 3264 Quisquis
954 3187 1111 3246 enim
1139 3205 1219 3263 po
1334 3203 1456 3244 non
1485 3185 1764 3244 morietur
2138 3196 2322 3246 tante⁸
2350 3186 2513 3244 illum
2532 3218 2546 3233 ·
2613 3186 2636 3220 ⁸
2656 3187 2737 3247 At
2896 3182 3100 3243 chatur
3123 3215 3138 3231 ·
3183 3183 3224 3217 ¹³
3244 3184 3322 3243 Et
3349 3184 3423 3244 of

584 3289 708 3338 tum
737 3279 955 3340 dederit
981 3280 1154 3339 uobis
1334 3289 1391 3338 et
1419 3279 1573 3355 ignis
1602 3297 1726 3338 non
1754 3281 1943 3340 exstin
2137 3280 2232 3339 ille
2260 3279 2625 3358 respondens
2894 3276 3152 3337 ferebant
3179 3278 3234 3336 ei
3261 3296 3377 3354 pue

584 3373 826 3432 calicem
855 3391 1007 3450 aque
1036 3374 1097 3432 in
1126 3392 1207 3433 no
1333 3384 1540 3450 guetur
1562 3404 1576 3419 ·
1601 3404 1616 3420 ·
1660 3374 1704 3407 ⁴⁷
1720 3373 1799 3433 Et
1827 3375 1876 3434 si
1904 3394 1943 3435 o
2137 3373 2281 3433 dixit
2309 3375 2394 3433 eis
2413 3406 2427 3420 ·
2512 3374 2653 3451 quid
2892 3389 2988 3432 ros
3015 3379 3078 3430 ut
3106 3380 3367 3448 tangeret

582 3466 739 3526 mine
766 3484 902 3526 meo
931 3468 1068 3544 quia
1096 3469 1198 3544 xpi
1332 3467 1493 3527 culus
1523 3478 1653 3527 tuus
1681 3486 1822 3528 scan
2134 3468 2304 3527 uobis
2341 3469 2599 3545 precepit
2891 3482 2997 3524 eos
3019 3495 3035 3511 ·
3121 3465 3386 3541 discipuli

581 3561 687 3620 etis
707 3592 721 3607 ·
787 3579 959 3620 amen
986 3560 1120 3621 dico
1149 3581 1229 3622 uo
1331 3560 1540 3622 dalizat
1571 3572 1625 3620 te
1655 3562 1779 3621 eice
1808 3563 1846 3621 il
2135 3579 2372 3639 moyses
2391 3593 2406 3608 ·
2490 3561 2629 3637 ⁴qui
2662 3561 2760 3620 dix
2892 3568 3089 3617 autem
3117 3559 3406 3619 conamina

582 3653 669 3712 bis
698 3654 839 3731 quia
866 3673 988 3715 non
1016 3656 1136 3733 peri
1331 3655 1451 3713 lum
1475 3685 1490 3701 ·
1552 3656 1774 3714 bonum
1804 3668 1892 3717 est
2134 3667 2304 3714 erunt
2329 3687 2343 3702 ·
2428 3673 2637 3733 praece
2892 3653 3106 3711 bantur
3133 3652 3253 3712 offe

581 3747 664 3805 bit
689 3766 910 3808 merces
937 3749 1063 3808 eius
1082 3781 1097 3796 ·
1329 3749 1435 3808 tibi
1465 3767 1707 3809 caecum
1736 3750 1889 3810 intro
2135 3750 2220 3826 pit
2245 3748 2504 3809 libellum
2532 3767 2594 3807 re
2890 3746 3151 3805 rentibus
3173 3777 3188 3792 ·
3207 3779 3290 3790 —-

581 3837 708 3899 ‘’Et
725 3842 1112 3920 quicumquae
1136 3862 1278 3904 scan
1331 3842 1412 3902 ire
1442 3843 1501 3901 in
1530 3862 1777 3920 regnum
1805 3844 1866 3904 di
1884 3875 1899 3891 ·
2133 3843 2299 3919 pudii
2326 3843 2463 3902 dare
2493 3843 2647 3920 scrip
2891 3836 2936 3871 ¹⁴
2953 3857 3102 3916 quos
3129 3858 3264 3899 cum
3292 3842 3351 3900 ui

578 3933 908 3995 dalizauerit
933 3942 1058 3996 unii
1330 3955 1508 4015 quam
1538 3937 1688 3996 duos
1718 3955 1834 3997 ocu
2135 3946 2259 3995 tum
2293 3947 2352 3995 et
2381 3936 2604 3995 dimitte
2892 3932 3051 3993 deret
3077 3934 3168 3993 ihs
3195 3934 3362 4012 indig

576 4028 650 4088 de
676 4030 897 4106 pusillis
924 4031 1045 4090 istis
1331 4029 1420 4090 los
1448 4030 1761 4091 habentem
2134 4049 2195 4091 re
2218 4062 2233 4077 ·
2317 4030 2340 4063 ⁶
2357 4031 2568 4107 quibus
2595 4049 2690 4091 res
2890 4037 3064 4087 natus
3092 4038 3182 4088 est
3205 4060 3220 4075 ·
3283 4029 3362 4088 Et
3389 4031 3472 4090 ait

577 4124 868 4182 crentibus
896 4125 957 4182 in
986 4143 1081 4185 me
1330 4125 1479 4183 mitti
1507 4126 1570 4183 in
1590 4124 1784 4201 gehen
2135 4125 2407 4202 pondens
2438 4123 2528 4183 ihs
2555 4124 2633 4184 ait
2891 4120 2999 4181 illis
3074 4122 3243 4181 sinite
3272 4141 3389 4200 pue

577 4213 814 4276 Bonum
843 4229 931 4276 est
957 4218 1034 4277 illi
1064 4238 1163 4278 ma
1330 4237 1471 4277 nam
1499 4219 1649 4296 ignis
1714 4220 1757 4253 ⁴⁸
1774 4221 1872 4280 ubi
2135 4219 2232 4279 Ad
2260 4218 2529 4278 duritiam
2558 4236 2661 4278 cor
2889 4234 2986 4277 ros
3026 4217 3238 4276 uenire·

577 4311 667 4386 gis
694 4311 740 4369 si
768 4311 1066 4373 circiidare
1327 4314 1542 4372 uermis
1583 4330 1784 4373 eorum
2135 4312 2226 4371 dis
2252 4313 2426 4372 uestri
2453 4313 2608 4390 scrip
2890 4311 2968 4371 ad
2995 4329 3094 4371 me
3115 4343 3131 4359 ·
3192 4311 3272 4371 Et
3298 4312 3478 4373 nolite

577 4413 669 4463 tur
695 4405 839 4482 lapis
867 4405 1098 4465 molaris
1326 4425 1448 4468 non
1477 4408 1752 4466 morietur
2134 4406 2204 4466 sit
2232 4406 2403 4466 uobis
2431 4416 2772 4486 preceptu‘·
2888 4406 3196 4483 prohibere
3221 4404 3352 4465 illos
