4414 4917
837 411 1020 475 xlviii
1820 411 1936 472 IN
1937 409 2054 470 ΤΚ
2064 408 2183 469 OD
2193 408 2308 470 UC
2318 408 2412 467 TI
2418 407 2553 467 ΟΝ.

837 583 1077 644 Selected
1095 584 1362 661 readings
1387 583 1507 641 and
1522 584 1851 659 renderz'ngs
1868 583 1929 641 in
1950 582 2141 642 which
2241 578 2485 640 Selected
2499 579 2767 654 readings
2786 577 2908 637 and
2921 576 3248 654 renderings
3275 578 3336 635 in
3357 574 3544 634 wht'ch

1081 684 1110 742 f
1130 702 1170 762 q
1197 682 1543 761 dffersrom
1571 681 1703 741 each
1730 683 1898 740 other.
2486 676 2516 736 f
2536 695 2577 754 q
2591 697 2692 735 are
2711 678 2919 754 agreed
2938 678 3173 755 against
3186 676 3340 736 other
3354 673 3546 734 Euro-

2477 785 2626 850 pean
2653 782 2819 834 texts.

838 840 1012 901 Mark
1040 841 1094 900 ii·
1294 940 1306 951 ⁸
1661 939 1673 952 ·
1794 938 1806 952 ⁸
2293 876 2382 931 16.
2423 872 2691 931 uidentes
2694 873 2765 950 s
2773 893 2809 948 q
2838 871 2971 931 Am.

887 942 975 997 ¹⁶·
1017 939 1421 1016 peccatonbus
1439 937 1985 1017 et³1³¹¹1³¹¹‘³²·¹¹¹²²’(p'‘·
2004 933 2140 1018 ²0⁶⁰)
2570 989 2706 1031 cum
2734 970 3014 1030 uidissent
3038 990 3093 1029 α.

1244 1056 1282 1096 α
1309 1037 1342 1097 b
1369 1039 1414 1094 d
1434 1056 1470 1113 q
1496 1036 1629 1095 Am·
2569 1078 2626 1126 et
2648 1067 2911 1127 uiderunt
2939 1068 2972 1126 b
3000 1069 3055 1125 d.

1163 1135 1489 1213 publicanis
1517 1146 1574 1194 et
1600 1135 2083 1213 peccatoribuss.
2429 1166 2745 1226 manducat
2770 1175 2827 1225 et
2856 1166 3141 1244 bibetfq
3170 1166 3302 1224 Am,

1022 1236 1147 1293 add.
1176 1234 1452 1312 magister
1477 1245 1668 1294 uester
1671 1235 1740 1311 f
1752 1234 1884 1292 Am.
2572 1264 2886 1324 manducat
2914 1266 2946 1324 b
2974 1266 3018 1322 a
3038 1285 3078 1323 e,

1163 1352 1265 1392 om.
1294 1353 1332 1392 a
1360 1332 1393 1391 b
1421 1334 1465 1391 d
1485 1352 1513 1390 e
1538 1352 1589 1409 q.
2571 1362 2690 1421 edit
2716 1382 2770 1422 a,

890 1550 978 1611 17.
1025 1553 1157 1596 eum
1188 1533 1442 1595 audisset
1468 1555 1505 1594 a
1535 1536 1567 1594 b
1594 1556 1623 1593 e
1648 1555 1698 1611 q.

1166 1634 1282 1694 hoc
1304 1633 1564 1713 auditos
1566 1633 1620 1692 A
1630 1654 1699 1692 m.
1723 1631 1794 1712 (d
1808 1634 1919 1694 hoc
1941 1632 2142 1711 audit).

1025 1751 1147 1792 non
1175 1742 1353 1809 egent
1379 1732 1556 1792 fortes
1584 1733 1616 1792 b
1643 1753 1693 1808 q.

1165 1850 1290 1892 non
1318 1842 1493 1908 egent
1525 1831 1648 1890 sani
1676 1851 1731 1889 a.

1166 1949 1291 1990 non
1319 1948 1469 2007 opus
1498 1929 1717 1989 habent
1745 1930 1945 2007 sanis.

1166 2047 1291 2088 non
1317 2047 1557 2087 necesse
1586 2027 1807 2087 habent
1833 2028 1957 2089 sani
1987 2027 2119 2089 Am.

1166 2145 1289 2186 non
1317 2137 1406 2186 est
1430 2145 1583 2204 opus
1614 2128 1771 2187 sanis
1797 2147 1838 2185 e.

1166 2242 1289 2284 non
1309 2223 1640 2285 desiderant
1662 2226 1759 2303 qui
1782 2225 1908 2284 sani
1931 2235 2067 2284 sunt
2088 2225 2140 2282 d.

891 2326 979 2382 18.
1024 2324 1263 2383 ueniunt
1295 2367 1308 2380 .
1338 2366 1351 2381 .
1381 2324 1582 2383 dicunt
1611 2325 1643 2383 b
1671 2325 1715 2381 d
1735 2326 1765 2381 ι’
1784 2344 1820 2399 q
1842 2325 1975 2383 Am.

1168 2433 1454 2483 uenerunt
1483 2468 1495 2481 ·
1526 2468 1539 2482 ·
1569 2422 1835 2482 dmemnt
1861 2443 1899 2481 α
1926 2423 2025 2502 ‘s'
2297 2506 2384 2562 19.
2427 2486 2577 2564 after
2617 2486 2888 2559 ieiunare,
2926 2487 3046 2546 add
3081 2497 3364 2565 quantum
3407 2498 3552 2548 tem·

2653 2586 2814 2662 poris
2833 2603 3033 2645 secum
3052 2585 3354 2645 habuerint
3373 2603 3551 2663 spon-

2658 2701 2788 2741 sum
2817 2701 2939 2742 non
2962 2694 3209 2760 possunt
3225 2684 3482 2744 ieiunare
3500 2703 3550 2759 q.

2576 2792 2797 2859 quanto
2820 2793 3081 2859 tempore
3113 2800 3313 2841 secum
3335 2781 3553 2841 habent

2661 2878 2905 2957 (habent
2947 2898 3147 2939 secum
3175 2877 3334 2958 Am.)
3371 2898 3550 2957 spon-

2658 2995 2788 3037 sum
2818 2996 2873 3036 n.
2904 2996 2960 3054 p.
2989 2979 3057 3037 ie.
3062 2977 3133 3054 f
3144 2979 3277 3037 Am.

891 3150 981 3190 20,
1025 3129 1120 3189 5113
1148 3129 1242 3189 die
1271 3131 1314 3189 d
1335 3132 1367 3189 ι·
1384 3149 1420 3207 q
1448 3129 1581 3189 Am·
2572 3096 2672 3135 om.
2701 3074 2877 3134 whole
2903 3078 3084 3135 clause
3108 3096 3147 3135 a
3174 3078 3205 3135 b
3234 3078 3278 3134 d
3298 3097 3325 3134 e
3352 3079 3388 3134 τ’.

1168 3228 1274 3288 iuis
1300 3228 1503 3288 diebus
1531 3249 1569 3288 a
1597 3230 1629 3287 b
1657 3248 1685 3286 e
1687 3229 1755 3307 f.

890 3348 979 3387 21.
1023 3327 1431 3387 adsumentum
1459 3329 1503 3385 d
1524 3330 1554 3385 i
1571 3348 1607 3403 q
1636 3328 1767 3385 Am.
2298 3342 2385 3379 21.
2431 3319 2615 3381 aufert
2643 3339 2697 3395 q,
2726 3318 2944 3379 auferat
2957 3320 3027 3398 f,
3060 3319 3279 3380 auferet
3305 3321 3349 3377 d
3369 3323 3401 3379 i
3418 3321 3551 3379 Am.

1169 3428 1564 3485 insumentum
1593 3445 1645 3484 a.
2576 3418 2722 3479 tollit
2749 3438 2785 3475 a
2813 3419 2844 3476 b
2872 3438 2912 3475 e.

1169 3523 1623 3583 additamentum
1627 3524 1698 3601 f.

1168 3623 1614 3683 commissuram
1644 3623 1691 3681 b.

1166 3722 1538 3781 iniectionem
1566 3742 1605 3780 e.

1026 3820 1284 3899 alioquin
1312 3839 1349 3877 a
1377 3821 1409 3878 b
1437 3821 1481 3877 d
1500 3822 1530 3879 i
1549 3840 1585 3897 q
1612 3819 1745 3877 Am.

1169 3937 1245 3979 ne
1249 3919 1320 3996 f

890 4038 981 4077 22.
1024 4018 1280 4097 alioquin
1314 4017 1619 4095 disrumpit
1661 4017 1867 4075 uinum
1900 4026 2056 4075 utres
2086 4011 2156 4096 (d
2299 4033 2389 4072 22.
2431 4016 2582 4092 cffter
2603 4024 2758 4074 utres
2778 4023 3004 4073 ueteres
3023 4013 3144 4071 add
3153 4011 3256 4072 sed
3277 4013 3337 4072 in
3359 4030 3552 4074 nouos

1250 4113 1299 4198 i)
1327 4137 1363 4192 q
1390 4116 1523 4174 Am.
2657 4133 2693 4170 a
2724 4113 2769 4171 b.

1172 4214 1429 4291 alioquin
1460 4213 1746 4291 dirumpet
1774 4223 1931 4271 utres
1959 4212 2007 4270 b.
2580 4230 2680 4270 om.
2710 4210 2813 4271 sed
2844 4211 2903 4270 in
2931 4228 3123 4272 nouos
3145 4211 3186 4269 d
3208 4231 3234 4269 e
3237 4208 3306 4289 s
3320 4213 3350 4271 i
3360 4231 3394 4288 q
3416 4211 3549 4270 Am.
