4414 4917
797 340 880 408 32
2043 311 2490 386 SECUNDIJ
2504 354 2517 369 ·
3173 332 3393 398 [xxm.
3414 338 3707 399 31-xx1V.
3733 337 3812 388 18.

513 495 642 546 ¹¹0¹·
659 496 756 549 08.
795 496 1191 556 testimonium
1546 492 1624 552 Et
1650 493 1874 571 lapidas
1899 510 2002 553 eos
2030 494 2129 571 qui
2352 504 2438 554 tes
2458 526 2472 541 ·
2516 494 2608 554 dic
2638 494 2807 554 nobis
3104 494 3149 529 ¹⁰
3167 495 3242 555 Et
3270 508 3408 557 tune
3436 496 3764 560 scandaliza
3832 507 3959 557 1¹01.
3974 508 4069 558 63.

793 590 1031 649 redditis
1056 590 1228 649 uobis
1252 619 1267 635 ·
1546 587 1622 646 ad
1650 597 1706 647 te
1736 589 1866 647 misi
1895 599 2028 647 sunt
2046 620 2061 635 ·
2351 588 2589 665 quando
2617 588 2727 647 hec
2757 606 2792 647 e
3105 592 3318 650 buntur
3345 592 3510 651 multi
3534 625 3549 639 ·

795 683 952 757 Quia
980 684 1060 742 fili
1089 684 1227 743 estis
1253 688 1396 743 eoru
1547 681 1803 755 Quotien
1829 683 1988 742 uolui
2017 701 2133 743 con
2348 692 2483 741 runt
2502 713 2515 728 ·
2559 692 2618 742 et
2645 681 2809 759 quod
3103 694 3162 743 et
3189 684 3439 744 inuicem
3466 686 3687 746 tradent
3706 719 3722 734 ·

791 779 890 855 qui
918 777 1255 838 occiderunt
1542 794 1784 853 gregare
1815 777 1961 837 filios
2349 777 2584 851 signum
2612 776 2804 835 aduen
3103 788 3160 836 et
3189 779 3330 838 odio
3359 779 3656 840 habebunt

788 872 1041 950 profetas
1064 903 1079 918 ·
1121 868 1312 931 ”Uos
1543 880 1675 929 tuos
1692 902 1706 917 ·
1747 871 2000 948 quemad
2349 879 2440 929 tus
2469 871 2548 928 tui
2569 901 2584 916 ·
2627 879 2685 928 et
2714 888 2829 929 con
3102 871 3355 931 inuicem
3379 904 3393 919 ·
3437 870 3481 905 ¹¹
3505 873 3680 934 Multi

786 986 929 1044 ergo
957 966 1198 1042 implete
1224 975 1357 1024 men
1542 964 1786 1024 modum
1813 965 2029 1042 gallina
2348 965 2750 1024 summationis
3101 966 3531 1042 pseudoprofeti

784 1078 918 1120 sura
946 1071 1177 1138 patrum
1539 1071 1859 1136 congregat
1885 1060 1984 1136 pul
2347 1057 2565 1117 seculi·
2630 1058 2652 1091 ⁴
2669 1058 2747 1118 Et
2774 1075 2869 1118 res
3100 1072 3411 1137 exsurgent
3438 1069 3496 1119 et
3523 1078 3587 1120 se

783 1164 1110 1214 uestrorum
1132 1185 1148 1200 ·
1190 1152 1236 1186 ⁸³
1253 1171 1345 1212 ser
1539 1152 1627 1213 los
1657 1171 1797 1212 suos
1826 1156 1934 1213 sub
1961 1150 2118 1214 halas
2343 1151 2615 1228 ponderis
2641 1152 2730 1211 ihs
3101 1152 3316 1212 ducent
3343 1156 3556 1214 multos
3578 1187 3593 1203 ·

784 1259 989 1325 pentes
1016 1266 1230 1324 genera
1538 1265 1672 1306 suas
1700 1258 1759 1306 et
1785 1248 1972 1307 noluis
2345 1245 2488 1304 dixit
2514 1247 2598 1304 eis
2615 1277 2630 1292 ·
2675 1245 2885 1305 Uidete
3099 1244 3142 1277 ¹²
3158 1246 3234 1305 Et
3263 1254 3406 1324 qfim
3435 1249 3752 1310 abundauit

782 1343 865 1402 tio
892 1343 1220 1419 uiperarum
1244 1371 1259 1386 ·
1536 1342 1609 1400 tis
1633 1373 1647 1387 ·
1673 1375 1686 1388 ·
1730 1341 1776 1375 ³⁸
1797 1342 1958 1402 Ecce
1988 1362 2050 1403 re
2343 1340 2547 1416 nequis
2574 1358 2682 1401 uos
2712 1358 2774 1399 se
3098 1340 3366 1417 iniquitas
3433 1343 3565 1402 refri

785 1434 1108 1507 Quomodo
1137 1433 1367 1511 fugietis
1537 1435 1824 1512 linquetur
1850 1438 2019 1497 uobis
2343 1433 2519 1492 ducat
2541 1465 2556 1480 ·
2600 1435 2621 1466 ⁶
2638 1435 2801 1493 multi
3098 1436 3279 1511 gescit
3306 1437 3516 1496 caritas
3543 1438 3663 1497 mul

782 1548 818 1588 a
846 1528 1058 1588 iudicio
1085 1528 1353 1605 gehenne
1371 1559 1386 1575 ·
1538 1528 1748 1588 domus
1776 1542 1969 1590 uestra
2341 1528 2497 1586 enim
2525 1529 2765 1587 uenient
3097 1538 3290 1588 torum
3314 1561 3328 1576 ·
3394 1530 3437 1564 ¹⁸
3457 1529 3572 1590 Sed
3602 1531 3700 1610 qui

782 1622 827 1656 ³⁴
846 1622 991 1683 Ideo
1021 1640 1161 1682 ecee
1184 1641 1297 1699 ego
1320 1624 1487 1683 mitto
1538 1624 1767 1684 deserta
1785 1657 1799 1671 ·
1844 1625 1888 1658 ⁸⁹
1906 1625 2059 1685 Dico
2341 1621 2399 1679 in
2431 1623 2666 1681 nomine
2695 1640 2832 1682 meo
3097 1625 3479 1698 permanserit
3504 1626 3568 1684 in

783 1716 859 1776 ad
886 1734 995 1776 uos
1024 1715 1279 1793 profetas
1535 1718 1692 1776 enim
1721 1719 1891 1779 uobis
1920 1750 1935 1765 ·
1979 1720 2116 1796 quia
2341 1715 2598 1775 dicentes
2625 1735 2741 1794 ego
3099 1715 3276 1775 finem
3306 1717 3401 1777 hic
3432 1718 3626 1779 saluus

782 1822 841 1870 et
869 1812 1159 1888 sapientes
1227 1819 1284 1868 et
1537 1830 1659 1872 non
1689 1831 1766 1872 ne
1794 1813 2059 1872 uidebitis
2340 1828 2470 1868 sum
2501 1816 2612 1886 xps
2642 1821 2700 1870 et
2729 1809 2851 1869 mul
3095 1811 3202 1869 erit
3224 1842 3238 1857 ·
3304 1812 3345 1845 ¹⁴
3362 1822 3419 1872 et
3446 1814 3646 1889 praedi

783 1906 1002 1965 scribas
1025 1935 1040 1951 ·
1083 1924 1157 1964 ex
1181 1905 1289 1963 illis
1536 1924 1572 1965 a
1598 1906 1780 1967 modo
1803 1938 1818 1953 ·
1861 1907 2053 1967 donee
2341 1914 2433 1963 tos
2463 1904 2740 1964 seducent
2763 1936 2778 1951 ·
3095 1906 3318 1964 cabitur
3347 1906 3460 1966 hoc
3489 1925 3641 1966 euan

783 1999 1063 2059 occidetis
1090 2008 1148 2058 et
1175 2016 1279 2058 cru
1536 2000 1739 2060 dicatis
1760 2002 1912 2060 bene
2339 1998 2638 2057 ‘Audietis
2668 2009 2861 2057 autem
3096 1999 3311 2075 gelium
3341 2001 3504 2078 regni
3524 2032 3538 2047 ·
3582 2002 3641 2059 in

782 2094 1030 2170 cifigetis
1048 2124 1063 2139 ·
1106 2111 1179 2151 ex
1207 2092 1317 2152 illis
1534 2094 1721 2154 dictus
1751 2096 1850 2173 qui
1877 2113 1951 2155 ue
2340 2091 2562 2169 proelia
2588 2103 2645 2151 et
2672 2094 2769 2169 opi
3093 2094 3367 2153 uniuerso
3394 2095 3521 2155 orbi
3543 2126 3558 2142 ·

782 2186 1147 2265 flagellabitis
1176 2188 1239 2245 in
1534 2190 1617 2248 nit
1645 2190 1705 2246 in
1733 2190 1971 2249 nomine
2341 2186 2546 2245 niones
2574 2188 2755 2264 proeli
3094 2186 3154 2244 in
3183 2188 3574 2247 testimonium

781 2282 1097 2360 synagogis
1125 2280 1330 2341 uestris
1535 2282 1759 2342 domini
1786 2308 1860 2335 e
2338 2297 2507 2339 orum
2530 2310 2545 2326 ·
2588 2279 2797 2340 Uidete
3092 2282 3364 2340 omnibus
3390 2277 3696 2358 gentibus'·

780 2413 858 2475 Et
884 2413 1294 2492 persequimini
1486 2412 1519 2448 '⁸‘
1538 2421 1645 2476 24.
1688 2413 1796 2474 Ἐἰ
1820 2431 2088 2492 egressus
2115 2414 2204 2475 ihs
2339 2431 2414 2472 ne
2444 2413 2751 2473 turbemini
2775 2445 2791 2462 ·
3090 2426 3148 2476 et
3176 2428 3313 2477 tunc
3341 2419 3535 2478 ueniet

781 2510 856 2570 de
884 2510 1113 2570 ciuitate
1141 2509 1203 2567 in
1230 2509 1344 2567 ciui
1483 2507 1516 2543 '⁸‘
1537 2510 1611 2570 de
1645 2509 1865 2586 templo
1888 2541 1903 2555 ·
1947 2510 2067 2570 ibat
2089 2542 2103 2557 ·
2339 2507 2587 2584 Oportet
2615 2509 2773 2567 enim
2802 2509 2947 2569 haec
3131 2536 3210 2562 -r
3255 2511 3385 2571 finis
3426 2537 3509 2564 -e-

780 2613 959 2664 tatem
979 2635 994 2649 ·
1055 2603 1102 2636 ⁸⁸
1117 2613 1179 2661 ut
1205 2603 1399 2661 ueniat
1484 2602 1514 2636 *
1535 2615 1591 2664 et
1620 2613 1990 2663 accesserunt
2341 2600 2461 2660 fieri
2529 2602 2632 2661 sed
2659 2603 2862 2662 nondfl
3037 2600 3067 2635 *
3089 2601 3135 2637 ¹⁵
3153 2604 3306 2664 Cum
3333 2624 3476 2683 ergo
3505 2606 3688 2666 uideri

780 2716 951 2774 super
982 2714 1093 2756 uos
1120 2696 1313 2756 omnis
1483 2698 1514 2732 ¹⁸¹
1534 2699 1794 2776 discipuli
1822 2700 1944 2757 eius
1962 2729 1978 2744 ·
2336 2707 2425 2754 est
2453 2695 2583 2756 finis
2602 2727 2617 2742 ·
2679 2696 2876 2756 ''insur
3041 2695 3071 2729 *
3091 2700 3162 2757 tis
3191 2699 3506 2758 abhomina

780 2791 1017 2868 sanguis
1038 2792 1219 2849 iustus
1483 2792 1514 2826 ¹⁸¹
1532 2804 1596 2852 ut
1622 2793 1997 2853 ostenderent
2335 2798 2434 2865 get
2461 2790 2619 2848 enim
2646 2808 2795 2866 gens
2823 2809 2937 2851 con
3039 2789 3069 2823 *
3088 2794 3308 2852 tionem
3335 2793 3478 2853 deso

779 2886 879 2962 qui
910 2880 1221 2943 effunditur
1248 2901 1317 2942 su
1483 2885 1513 2919 *
1533 2888 1585 2946 ei
1613 2895 1923 2946 structuras
2335 2891 2423 2941 tra
2449 2892 2687 2959 gentem
2709 2915 2725 2930 ·
2767 2896 2825 2945 et
3039 2884 3316 2947 *lationis
3337 2919 3351 2934 ·
3396 2887 3555 2964 quod

778 2997 882 3058 per
909 2989 1118 3038 terram
1138 3010 1152 3024 ·
1197 2979 1248 3036 A
1482 2979 1512 3013 ¹⁸¹
1532 2981 1730 3056 templi
1755 3011 1770 3026 ·
1833 2977 1857 3012 ²
1873 2980 1973 3039 Ihs
2000 2985 2132 3040 aute-2
2335 2995 2581 3052 regnum
2610 2976 2792 3036 aduer
3087 2982 3307 3040 dictum
3334 2992 3423 3040 est
3449 3001 3553 3059 per

780 3074 1062 3150 sanguine
1092 3072 1220 3131 abel
1250 3073 1338 3130 ius
1531 3073 1894 3150 respondens
1921 3074 2061 3134 dixit
2333 3087 2433 3129 sus
2462 3088 2706 3146 regnum
2732 3101 2746 3116 ·
2788 3081 2845 3130 et
3086 3075 3278 3135 daniel
3308 3076 3586 3153 profeta·-

777 3168 818 3225 ti
842 3198 857 3214 ·
899 3184 1082 3242 usque
1109 3166 1183 3225 ad
1213 3184 1317 3224 san
1531 3169 1615 3227 eis
1637 3199 1650 3214 ·
1694 3185 1817 3227 non
1843 3169 2049 3228 uidetis
2331 3174 2499 3223 erunt
2526 3164 2710 3224 fames
2730 3197 2744 3212 ·
2787 3176 2846 3225 et
3086 3179 3336 3229 stantem
3364 3170 3424 3229 in
3453 3170 3514 3230 lo

776 3262 1015 3339 guinem
1043 3259 1340 3319 zachariae
1530 3261 1676 3321 haec
1704 3263 1904 3321 omnia
1927 3293 1940 3308 ·
1993 3264 2189 3322 Amen
2333 3269 2524 3334 pestes
2548 3290 2563 3305 ·
2607 3268 2664 3318 et
2694 3270 2842 3319 terre
3085 3282 3159 3323 co
3190 3269 3292 3323 sco
3353 3265 3451 3340 qui
3481 3264 3534 3323 le

777 3355 858 3414 fili
886 3354 1122 3413 barachi
1145 3384 1160 3400 ·
1204 3371 1380 3430 quem
1530 3357 1662 3416 dico
1689 3356 1858 3415 uobis
1926 3373 2049 3415 non
2333 3365 2526 3412 motus
2553 3372 2657 3429 per
2684 3353 2817 3413 loca
2836 3385 2850 3400 ·
3085 3358 3168 3432 git
3196 3358 3529 3434 intellegat·

776 3448 1068 3510 occidistis
1096 3449 1243 3507 inter
1528 3450 1879 3527 relinquetur
1909 3450 2002 3509 hic
2331 3445 2353 3479 ⁸
2373 3447 2590 3507 Omnia
2618 3457 2812 3506 autem
2842 3448 2985 3508 haec
3016 3482 3029 3497 ·
3083 3449 3127 3483 ¹⁸
3144 3451 3319 3511 Tunc
3347 3453 3444 3528 qui
3474 3453 3533 3510 in
3563 3452 3733 3513 iudea

774 3542 1060 3619 templum
1090 3549 1147 3599 et
1175 3541 1290 3600 alta
1527 3543 1672 3620 lapis
1701 3562 1874 3620 super
1902 3544 2017 3620 lapi
2331 3542 2491 3600 initia
2520 3551 2654 3601 sunt
2681 3553 2850 3619 partu
3086 3556 3220 3609 sunt
3249 3545 3475 3622 fugiant

773 3655 854 3696 re.
918 3635 1174 3694 ”Amen
1204 3636 1338 3695 dico
1528 3637 1662 3696 dem
1693 3640 1791 3715 qui
1821 3656 1941 3698 non
1970 3638 2043 3698 de
2328 3636 2549 3695 ritionis
2572 3666 2587 3681 ·
2645 3637 2668 3670 ⁹
2698 3635 2870 3696 Tunc
3083 3639 3143 3696 in
3173 3640 3469 3699 montibus
3491 3671 3506 3687 ·

772 3730 940 3789 uobis
969 3730 1105 3807 quia
1131 3730 1266 3787 ueni
1527 3741 1805 3790 struatur·
2331 3729 2558 3788 tradent
2584 3748 2696 3790 uos
2726 3730 2786 3788 in
2814 3731 2883 3790 tri
3085 3732 3133 3765 ¹⁷
3147 3732 3224 3792 Et
3254 3735 3351 3811 qui
3382 3735 3443 3791 in
3471 3744 3628 3795 tecto
3652 3766 3667 3781 ·

773 3834 874 3882 ent
902 3823 1009 3881 hec
1038 3822 1236 3882 omnia
1264 3840 1332 3881 su
1527 3825 1548 3857 ³
1568 3824 1819 3885 Sedente
1847 3835 2043 3886 autem
2070 3827 2201 3904 ipso
2331 3824 2684 3883 bulationem
2707 3855 2723 3871 ·
2765 3835 2823 3884 et
3085 3844 3210 3887 non
3239 3827 3560 3888 descendat

772 3935 877 3996 per
907 3917 1279 3994 generatione
1525 3938 1696 3996 super
1724 3932 1984 3980 montem
2329 3918 2596 3979 occident
2621 3937 2731 3978 uos
2758 3929 2816 3978 et
2842 3938 2875 3978 e
3081 3920 3282 3980 tollere
3313 3921 3529 3999 aliquid

772 4011 945 4069 istam
964 4040 979 4056 ·
1002 4041 1015 4056 ·
1039 4042 1052 4056 ·
1096 4009 1140 4043 ⁸⁷
1160 4010 1411 4070 Hierusa
1521 4014 1713 4074 oliueti
1738 4046 1751 4061 ·
1794 4016 2049 4074 Accesse
2330 4014 2449 4072 ritis
2477 4013 2615 4072 odio
2644 4015 2916 4074 omnibus
3082 4015 3154 4074 de
3180 4015 3360 4076 domo
3382 4047 3397 4062 ·
3460 4016 3504 4050 ²⁸
3525 4016 3603 4077 Et

773 4103 889 4162 lem
919 4102 1261 4162 hierusalem
1523 4119 1656 4167 runt
1683 4108 1757 4168 ad
1785 4127 1922 4168 eum
1950 4108 2095 4168 disci
2326 4108 2591 4184 gentibus
2618 4117 2852 4183 propter
3081 4110 3181 4186 qui
3209 4111 3269 4169 in
3299 4128 3443 4187 agro
3472 4130 3593 4172 non

769 4214 920 4273 quae
947 4195 1167 4256 occidis
1195 4197 1357 4273 profe
1522 4203 1641 4280 puli
1671 4214 1893 4263 secreto
1924 4203 2094 4263 dicen
2327 4218 2546 4261 nomen
2573 4219 2771 4260 meum
3079 4212 3392 4263 reuertatur
3421 4222 3481 4263 re

1219 4303 1311 4350 tas
