4414 4917
297 495 420 545 rol·
444 494 538 547 78.

587 330 769 382 XXVI.
797 326 1017 395 34-58.]

600 490 756 570 quod
782 492 894 552 hac
924 502 1061 551 note
1096 509 1172 550 an

592 596 828 662 tequam
862 585 1051 662 gallus

586 689 780 739 cantet
802 710 818 726 ·
878 681 969 737 ter'
994 696 1090 737 me

587 773 831 850 negabis
851 802 866 818 ·
908 772 955 805 ³³
969 772 1071 829 Ait
1098 770 1179 830 illi

587 876 784 943 petrus
840 866 1014 924 etiam

592 960 641 1018 si
669 977 764 1018 me
798 971 1048 1035 oportue

588 1053 654 1110 rit
687 1052 838 1112 mori
855 1062 1048 1111 tecum

589 1164 709 1205 non
737 1156 794 1204 te
824 1146 1055 1221 negabo
1078 1175 1092 1190 ·

590 1238 855 1298 Similiter
884 1249 1078 1297 autern

591 1343 649 1391 et
674 1349 885 1391 omnes
912 1331 1135 1408 discipu

592 1425 631 1483 li
658 1426 926 1484 dixerunt
948 1457 962 1471 ·
988 1456 1004 1471 ·

564 1517 639 1552 *³⁶
653 1519 829 1579 Tunc
861 1519 1020 1579 uenit
1048 1520 1138 1578 ihs

564 1613 734 1673 *cum
763 1613 874 1671 illis
897 1645 912 1659 ·
969 1614 1028 1671 in
1059 1632 1162 1691 pre

566 1705 756 1766 *dium
785 1706 945 1783 quod
972 1707 1032 1765 di

567 1801 748 1860 *citur
773 1818 1043 1877 gessema

567 1896 662 1953 *ni
681 1927 695 1941 ·
756 1905 815 1954 et
842 1894 977 1954 dicit
1005 1895 1095 1955 dis

568 1986 806 2066 *cipulis
835 1990 953 2048 suis
1023 2006 1086 2048 se

599 2083 727 2142 dete
754 2083 849 2142 hic
877 2083 1069 2142 donec

599 2195 670 2236 eo
700 2176 834 2235 illuc
864 2194 1029 2235 orare
1052 2207 1067 2222 ·

599 2271 641 2305 ⁸⁷
658 2270 735 2330 Et
762 2271 1031 2330 adsumto
1064 2281 1231 2349 petro

600 2376 654 2424 et
681 2364 916 2424 duobus
944 2364 1073 2423 filiis

602 2497 873 2557 zebedei·
932 2499 1125 2575 coepit

602 2591 878 2652 cottistari
906 2601 966 2650 et
992 2609 1118 2649 mes

602 2694 690 2744 tus
716 2703 845 2746 esse
868 2717 883 2731 ·
934 2685 977 2717 ³⁸
998 2685 1173 2744 Tunc

603 2779 677 2838 ait
702 2779 813 2838 illis
885 2779 1058 2838 tristis

603 2884 687 2933 est
712 2874 972 2933 animam
1000 2883 1181 2932 mea-

602 2986 819 3045 usquae
847 2968 922 3027 ad
951 2977 1188 3028 morte·-
1208 2998 1224 3015 ·

604 3064 870 3122 sustinete
900 3062 993 3121 hic
1022 3072 1080 3121 et

603 3157 831 3234 uigilate
865 3175 1098 3216 mecum
1120 3187 1136 3203 ·

603 3251 644 3284 ⁸⁹
660 3252 734 3310 Et
760 3270 1098 3328 progressus
1125 3269 1205 3328 pu
1242 3251 1257 3264 ⁶

603 3345 787 3404 sillum
810 3376 824 3390 ·
889 3346 1055 3420 proci

604 3438 682 3498 dit
709 3439 769 3497 in
796 3437 1005 3497 faciem
1032 3449 1186 3497 sua*
1204 3469 1218 3485 ·

605 3550 778 3592 orans
806 3542 866 3591 et
894 3532 1097 3591 dicens
1121 3563 1136 3578 ·

603 3625 772 3687 Pater
803 3645 967 3685 meus
995 3628 1042 3685 si
1071 3645 1182 3704 pos

604 3722 764 3781 sibile
791 3730 880 3780 est
933 3733 1094 3780 trans

606 3825 726 3875 seat
755 3835 790 3874 a
818 3834 914 3874 me
943 3816 1092 3874 calix
1122 3816 1172 3875 is

606 3920 662 3969 te
685 3942 699 3958 ·
766 3909 882 3968 Sed
911 3921 1113 3969 tamen

606 4022 724 4064 non
754 4004 901 4063 sicut
928 4022 1041 4080 ego
1063 4022 1141 4064 uo

606 4098 663 4158 lo
692 4097 796 4157 sed
824 4098 972 4156 sicut
998 4108 1060 4155 tu
1083 4129 1097 4143 ·

607 4193 651 4225 ⁴⁰
666 4193 741 4252 Et
767 4191 927 4250 uenit
956 4191 1031 4249 ad
1060 4191 1203 4250 disci

609 4287 772 4364 pulos
801 4301 941 4344 suos
968 4295 1026 4343 et
1053 4286 1114 4343 in

609 4382 763 4441 uenit
791 4398 893 4440 eos
921 4378 1106 4437 dormi

960 4482 1120 4532 entes

1848 313 1985 373 MA
2002 301 2357 374 TTHEU·

1352 487 1426 547 Et
1454 489 1533 548 ait
1559 497 1727 565 petro
1748 517 1762 533 ·
1824 470 1907 545 sic

1349 599 1470 641 non
1498 582 1763 658 potuistis
1790 600 1830 639 u

1348 693 1424 733 na
1452 675 1596 735 hora
1624 674 1863 750 uigilare

1344 785 1576 827 mecum
1600 800 1615 814 ·
1657 767 1701 801 ⁴¹
1717 768 1894 845 uigila

1343 870 1401 920 te
1430 872 1489 921 et
1520 871 1677 921 orate
1707 872 1769 920 ut
1797 873 1909 921 non

1346 955 1567 1013 intretis
1593 956 1653 1013 in
1682 965 1802 1013 tem

1345 1049 1628 1107 tationem
1651 1081 1666 1095 ·
1726 1054 1826 1124 sps

1345 1142 1582 1217 quidem
1611 1154 1873 1219 promtus

1348 1253 1488 1294 caro
1517 1246 1713 1294 autem
1740 1237 1872 1294 infir

1350 1347 1448 1387 ma
1468 1360 1482 1375 ·
1524 1330 1569 1362 ¹²
1587 1329 1806 1388 Iterum
1834 1348 1897 1389 se

1352 1422 1547 1482 cundo
1577 1424 1781 1482 abiens
1807 1442 1847 1484 o

1353 1516 1499 1576 rauit
1527 1517 1731 1576 dicens
1750 1547 1764 1563 ·

1354 1610 1524 1669 Pater
1552 1628 1717 1669 meus
1747 1611 1793 1669 si
1828 1622 1939 1669 n0n

1354 1714 1546 1780 potest
1573 1704 1690 1762 hoc
1721 1714 1849 1762 tran

1354 1798 1467 1856 sire
1494 1815 1530 1856 a
1558 1815 1654 1855 me
1681 1798 1790 1856 nisi
1818 1798 1858 1855 il

1354 1890 1455 1949 lud
1485 1891 1683 1948 bibam
1748 1891 1848 1950 fiat

1353 1983 1644 2043 uolumtas
1672 1995 1771 2043 tua
1794 2015 1809 2030 ·

1353 2077 1395 2110 ⁴³
1417 2077 1494 2135 Et
1519 2078 1762 2136 ueniens
1790 2078 1926 2137 inue

1352 2172 1436 2230 nit
1464 2188 1568 2230 eos
1595 2172 1801 2229 iterum

1352 2265 1709 2325 dormientes
1732 2295 1745 2310 ·

1352 2369 1518 2419 erant
1544 2359 1702 2417 enirn

1356 2491 1512 2551 oculi
1540 2509 1745 2552 eorum
1772 2511 1878 2569 gra

1358 2587 1475 2645 uati
1498 2617 1513 2633 ·
1556 2587 1602 2620 ⁴⁴
1622 2597 1680 2645 et
1705 2588 1917 2646 relictis

1355 2680 1464 2738 illis
1493 2680 1696 2739 abiens
1724 2699 1830 2740 ora

1355 2774 1439 2833 uit
1465 2774 1671 2832 iterum
1700 2774 1865 2833 tertio

1354 2867 1608 2926 eundem
1636 2884 1830 2926 sermo

1353 2980 1492 3020 nem
1519 2961 1726 3020 dicens
1744 2993 1759 3008 ·

1351 3056 1397 3089 ⁴⁵
1418 3056 1593 3116 Tunc
1618 3056 1780 3115 uenit
1808 3056 1884 3116 ad
1913 3056 2000 3116 dis

1353 3151 1580 3227 cipulos
1608 3161 1665 3210 et
1693 3152 1831 3211 dicit

1352 3246 1436 3304 eis
1454 3276 1468 3291 ·
1512 3244 1761 3304 dormite
1788 3246 1906 3305 iam

1354 3348 1411 3397 et
1431 3340 1770 3416 requiescite
1792 3370 1808 3385 ·

1352 3451 1491 3492 ecce
1520 3434 1576 3492 ia
1606 3434 1852 3510 adpropi

1354 3527 1474 3586 auit
1499 3527 1646 3587 hora
1714 3538 1773 3587 et
1800 3528 1878 3587 fili

1353 3639 1424 3681 us
1453 3621 1706 3680 hominis
1735 3632 1821 3681 tra

1357 3715 1524 3775 detur
1552 3715 1612 3774 in
1641 3734 1853 3777 manus

1353 3820 1733 3890 peccatorum
1756 3843 1771 3857 ·

1356 3905 1400 3937 ⁴⁸
1417 3905 1630 3982 surgite
1659 3924 1859 3965 eamus

1359 4017 1493 4059 ecce
1522 3998 1889 4076 adpropiauit

1358 4094 1458 4169 qui
1486 4111 1581 4151 me
1612 4093 1798 4152 tradet
1822 4125 1837 4140 ·

1357 4188 1401 4220 ⁴⁷
1408 4187 1485 4247 Et
1501 4187 1692 4247 adhuc
1709 4206 1781 4247 eo
1797 4187 2060 4266 loquente

1358 4301 1496 4342 ecce
1524 4282 1688 4340 iudas
1715 4300 1867 4341 unus

1359 4376 1435 4436 de
1465 4376 1779 4436 duodecim
1809 4378 1967 4436 uenit

2153 496 2213 545 et
2240 502 2376 543 cum
2405 501 2478 543 eo
2506 485 2676 542 turba

2153 579 2336 638 multa
2363 596 2499 637 cum
2526 578 2626 654 gla

2153 673 2262 732 diis
2291 683 2350 731 et
2378 671 2620 731 fustibus

2152 766 2315 826 missi
2345 785 2380 825 a
2407 766 2656 843 principi

2152 860 2263 919 bus
2296 860 2608 919 sacerdotii

2149 962 2206 1013 et
2235 954 2557 1013 senioribus

2151 1049 2355 1125 populi
2376 1080 2390 1095 ·
2434 1049 2477 1081 ⁴⁸
2493 1048 2592 1125 qui
2621 1066 2696 1107 au

2153 1151 2273 1200 tem
2303 1142 2536 1201 tradidit
2562 1147 2635 1200 eii

2154 1236 2314 1296 dedit
2340 1236 2448 1295 illis
2475 1237 2646 1312 signii

2156 1331 2360 1390 dicens
2416 1335 2670 1407 quemcfi

2156 1442 2272 1500 que
2300 1423 2600 1483 osculatus

2159 1518 2324 1578 suero
2350 1519 2474 1594 ipse
2504 1528 2592 1576 est

2159 1622 2355 1671 tenete
2382 1631 2519 1671 eum
2544 1643 2557 1658 ·
2601 1612 2645 1645 ⁴⁹
2662 1610 2741 1697 Et

2161 1705 2474 1766 confestim
2503 1723 2643 1765 acce

2162 1802 2310 1861 dens
2339 1801 2415 1859 ad
2442 1800 2563 1859 ihm
2593 1799 2737 1858 dixit
2765 1829 2781 1845 ·

2160 1895 2315 1955 haue
2341 1896 2507 1954 rabbi
2526 1926 2540 1941 ·
2601 1904 2660 1953 et
2687 1911 2754 1953 os

2160 1989 2386 2049 culatus
2414 2000 2501 2048 est
2529 2006 2666 2048 eum
2685 2019 2699 2033 ·

2160 2083 2206 2117 ⁶⁰
2222 2084 2305 2142 At
2330 2084 2418 2142 ihs
2446 2082 2588 2141 dixit
2616 2081 2692 2139 illi
2710 2110 2725 2126 ·

2161 2179 2348 2237 amice
2375 2196 2411 2236 a
2437 2176 2597 2253 quod
2629 2194 2704 2235 ue

2162 2273 2335 2331 nisti·
2396 2281 2535 2330 tunc
2565 2288 2707 2329 acce

2162 2365 2370 2425 dentes
2399 2382 2610 2424 manus
2644 2364 2705 2421 in

2161 2498 2420 2556 iecerunt
2444 2498 2505 2555 in
2532 2496 2656 2555 ihm

2161 2601 2221 2652 et
2248 2601 2556 2651 tenuerunt
2584 2599 2657 2652 eii

2163 2686 2205 2719 ⁸¹
2223 2686 2301 2745 Et
2322 2704 2460 2746 ecce
2489 2705 2641 2747 unus
2670 2706 2745 2747 ex
2774 2687 2865 2747 his

2161 2781 2262 2857 qui
2289 2790 2455 2839 erant
2482 2799 2620 2840 cum
2727 2816 2732 2820 ·

2160 2875 2259 2932 ihu
2293 2874 2620 2935 extendens

2160 2985 2403 3026 manum
2430 2970 2646 3029 exemit

2159 3063 2420 3138 gladium
2449 3080 2620 3122 suum
2646 3095 2661 3111 ·

2159 3166 2218 3215 et
2245 3157 2530 3232 percussit
2558 3176 2649 3219 ser

2158 3268 2302 3309 uum
2330 3251 2609 3329 principis

2162 3343 2538 3403 sacerdotum
2563 3379 2576 3393 ·
2626 3360 2687 3409 et

2163 3439 2488 3514 amputauit
2515 3442 2638 3501 auri

2164 3532 2358 3591 culam
2387 3535 2512 3593 eius
2539 3565 2553 3581 ·

2163 3623 2210 3658 δ’
2228 3626 2403 3686 Tunc
2431 3629 2509 3686 ait
2537 3629 2614 3687 illi
2642 3630 2732 3690 ihs

2162 3731 2440 3780 conuerte
2467 3723 2626 3799 gladi

2161 3833 2264 3873 um
2294 3824 2457 3875 tuum
2485 3818 2545 3874 in
2573 3818 2709 3878 loco

2164 3927 2272 3969 suo
2296 3940 2310 3955 ·
2375 3927 2583 3970 ornnes

2164 4003 2322 4062 enim
2350 4003 2450 4078 qui
2480 4005 2668 4082 accipi

2164 4107 2271 4156 unt
2297 4097 2556 4174 gladium
2579 4131 2593 4145 ·

2166 4192 2363 4268 gladio
2383 4193 2654 4269 peribunt
2672 4226 2687 4241 ·

2169 4286 2346 4345 ”Aut
2373 4305 2493 4347 non
2523 4299 2693 4365 putas

2170 4398 2347 4458 posse
2375 4400 2470 4441 me
2498 4382 2680 4442 modo

3521 326 3603 394 37

2908 500 3122 559 rogare
3150 492 3365 560 patre·-

2907 596 3106 636 meum
3130 609 3145 625 ·
3209 587 3267 637 et
3293 577 3429 636 exhi

2908 672 3068 731 bebit
3097 673 3237 730 mihi
3266 672 3401 749 plus

2907 784 3087 842 quam
3118 766 3369 826 duodeci

2906 860 3168 937 legiones
3195 878 3349 936 ange

2906 954 3097 1014 lorum
3118 985 3131 1000 ·
3175 953 3220 987 ⁶⁴
3236 963 3452 1030 quom⁰

2908 1047 2987 1108 do
3015 1066 3156 1124 ergo
3191 1048 3368 1125 imple

2907 1143 3123 1202 buntur
3150 1143 3302 1219 scrip

2910 1248 3073 1296 turae
3101 1236 3237 1313 quia
3264 1236 3350 1295 sic

2912 1341 3141 1407 oportet
3171 1330 3291 1390 fieri
3311 1333 3340 1374 S

2912 1426 2958 1459 ω
2977 1426 3050 1484 In
3077 1425 3174 1484 illa
3201 1443 3306 1484 ora
3332 1425 3477 1485 dixit

2914 1521 3004 1579 ihs
3039 1521 3221 1579 turbis
3244 1551 3258 1566 ·
3310 1519 3373 1578 Si

2916 1625 3016 1674 cut
3042 1614 3116 1673 ad
3147 1615 3372 1675 latrone

2914 1709 3157 1768 uenistis
3186 1726 3323 1768 cum

2915 1802 3123 1879 gladiis
3150 1813 3210 1862 et
3237 1801 3372 1860 fusti

2917 1898 3027 1955 bus
3055 1896 3386 1972 conprehen

2917 1989 3055 2048 dere
3081 2007 3177 2048 me
3197 2020 3211 2035 ·
3256 1988 3415 2049 Cotti

2918 2084 3011 2143 die
3039 2083 3198 2160 apud
3226 2100 3334 2143 uos
3364 2101 3429 2143 se

2918 2177 3132 2236 debam
3157 2177 3218 2235 in
3249 2186 3367 2235 tem

2917 2271 3019 2350 plo
3048 2271 3263 2330 docen⁸
3288 2280 3347 2329 et
3373 2279 3488 2329 n⁰n

2919 2384 3015 2425 me
3045 2365 3305 2424 tenuistis
3328 2396 3343 2411 ·

2914 2497 2959 2532 ⁸⁶
2978 2496 3119 2557 Hoc
3148 2508 3344 2557 autem
3373 2506 3563 2558 totum

2913 2591 3134 2650 factum
3162 2602 3286 2651 est·
3345 2602 3409 2650 ut
3437 2593 3518 2652 im

2915 2685 3207 2763 plerentur
3236 2687 3388 2762 scrip

2916 2790 3076 2839 turae
3104 2779 3448 2857 profetaru-
3468 2812 3485 2829 ·

2919 2873 3096 2935 Tunc
3124 2874 3390 2952 discipuli
3418 2894 3521 2936 om

2918 2987 3026 3028 nes
3081 2969 3356 3028 derelicto
3386 2987 3461 3029 eo

2919 3062 3227 3140 fugerunt·
3270 3063 3509 3125 ⁶⁷Atmi

2919 3168 3185 3217 tenentes
3216 3159 3337 3218 ihm
3361 3190 3377 3206 ·

2919 3251 3228 3313 Duxerunt
3254 3252 3329 3312 ad
3359 3253 3486 3313 caia

2921 3345 3020 3404 fan
3052 3347 3379 3423 principem

2921 3439 3296 3499 sacerdotum
3316 3470 3331 3485 ·
3403 3439 3462 3499 U

2922 3533 2982 3592 bi
3011 3534 3232 3592 scribae
3262 3541 3320 3592 et
3348 3535 3476 3593 seni

2922 3644 3054 3687 ores
3083 3640 3479 3689 conuenerant
3496 3660 3513 3677 ·

2923 3721 2968 3755 ¹⁵⁸
2987 3722 3192 3781 Petrus
3218 3733 3414 3782 autern
3444 3725 3582 3801 seqS

2922 3817 3091 3876 batur
3119 3834 3255 3875 eum
3284 3836 3319 3875 a
3348 3817 3542 3895 longe,

2922 3929 3104 3989 usque
3132 3912 3194 3969 in
3221 3912 3429 3971 atrium

2920 4006 3199 4083 principis
3218 4007 3461 4066 sacerdo

2920 4109 3046 4158 tum
3068 4131 3083 4147 ·
3144 4110 3203 4159 et
3228 4101 3422 4177 ingres
3455 4101 3519 4160 in

2919 4204 3010 4254 tro
3034 4226 3049 4241 ·
3113 4195 3354 4255 sedebat
3381 4206 3508 4255 cu-

2920 4291 3197 4350 ministris
3224 4300 3289 4350 ut
3314 4292 3450 4351 uide

2926 4396 3012 4445 ret
3042 4386 3262 4445 exitum
3290 4387 3372 4445 rei
3395 4419 3409 4434 ·
3438 4419 3452 4434 ·
3483 4420 3559 4433 -

3637 498 3760 548 rol,
3781 498 3872 550 ⁷8.
