4414 4917
926 402 1149 467 xxxiv

1912 401 2653 465 INTRODUCTION.

921 574 1163 636 Selecled
1182 575 1451 650 readings
1477 573 1600 633 and
1608 573 1943 652 rendert‘ngs
1961 574 2022 632 in
2044 573 2236 634 which
2339 571 2581 634 Selected
2601 574 2870 649 readings
2884 574 3008 633 and
3027 574 3357 650 rendering-5
3378 575 3439 632 in
3455 573 3642 633 which

1168 672 1198 732 f
1217 691 1261 751 q
1286 673 1455 751 differ
1457 672 1636 752 from
1666 672 1796 733 each
1819 673 1992 731 other.

920 770 1079 850 John
1108 772 1144 830 i.

964 1583 1058 1639 23.
1103 1564 1182 1624 ait
1209 1584 1245 1641 q
1272 1564 1424 1638 Am„
1457 1565 1667 1644 quibus
1696 1566 1774 1625 ait
1802 1566 1852 1626 b.

1245 1663 1347 1741 qui
1377 1664 1675 1741 respondit
1703 1684 1757 1739 a,
1788 1663 2090 1743 respondit
2094 1664 2163 1743 f.

1247 1773 1305 1821 et
1332 1762 1474 1822 dixit
1502 1783 1544 1821 e.

963 1879 1056 1932 24.
1098 1860 1257 1919 missi
1286 1872 1449 1920 erant
1477 1881 1514 1919 α
1542 1882 1569 1919 e
1595 1880 1645 1936 q.

1243 1960 1405 2019 missi
1435 1959 1660 2020 fuerant
1688 1961 1721 2020 b
1729 1961 1796 2038 s
1808 1959 1940 2020 Am.

966 2059 1061 2118 26.
1105 2075 1220 2136 ego
1251 2057 1488 2136 quidem
1516 2058 1549 2117 b
1575 2079 1626 2136 q.

1242 2175 1358 2234 ego
1386 2156 1513 2237 (om.
1543 2155 1808 2237 quidem)
1835 2178 1873 2217 a
1899 2158 2000 2236 ef
2011 2157 2144 2217 Am.

1183 2256 1246 2313 in
1273 2257 1590 2333 penitentia
1616 2276 1653 2314 α
1682 2252 1858 2337 (-am)
1885 2277 1939 2333 q.

1251 2354 1605 2430 penitentiae
1634 2356 1686 2414 b.

1244 2473 1346 2511 om.
1373 2475 1400 2512 e
1402 2453 1472 2532 f
1482 2453 1614 2513 Am.

964 2565 1057 2625 27.
1100 2550 1615 2612 calciamentorum
1644 2572 1673 2611 e
1698 2572 1749 2629 q.

1244 2651 1609 2710 calciamenti
1637 2670 1674 2708 α
1708 2651 1740 2708 b
1744 2651 1812 2729 s
1824 2649 1958 2710 Am.

963 2765 1056 2821 29.
1098 2758 1331 2823 postera
1360 2749 1454 2808 die
1482 2749 1517 2808 b
1543 2769 1579 2825 q
1610 2744 1758 2830 [and
1776 2768 1838 2808 so
1865 2767 1917 2807 v.
1950 2747 2069 2826 35.)

1243 2846 1421 2905 altera
1449 2846 1541 2906 die
1568 2866 1609 2906 α
1612 2848 1680 2926 s
1691 2846 1824 2906 Am.

1241 2943 1354 3003 alia
1376 2944 1467 3004 die
1496 2965 1538 3003 e.

1180 3042 1324 3102 uidit
1350 3063 1387 3101 a
1414 3063 1466 3119 q.

1242 3141 1386 3200 uidit
1415 3141 1713 3202 Iohannes
1741 3142 1774 3202 b
1793 3161 1822 3199 e
1824 3143 1893 3219 f
1904 3141 2039 3202 Am.

1184 3239 1328 3299 dixit
1354 3260 1407 3316 q.

1238 3340 1316 3398 ait
1343 3357 1380 3397 a
1408 3338 1442 3398 b
1468 3357 1497 3396 e
1498 3339 1566 3416 s
1576 3338 1709 3397 Am.

958 3453 1055 3511 31.
1098 3434 1231 3496 ideo
1264 3458 1302 3496 a
1328 3455 1364 3513 q

1239 3547 1475 3614 propter
1504 3534 1617 3595 hoc
1645 3535 1693 3594 b.

1237 3643 1544 3712 propterea
1571 3653 1598 3691 e
1601 3634 1669 3711 s
1679 3633 1814 3693 Am.

955 3750 1048 3809 32.
1090 3742 1328 3793 testatus
1355 3742 1443 3792 est
1468 3752 1495 3790 e
1521 3751 1572 3808 q.

1239 3830 1573 3891 testificatus
1603 3840 1690 3890 est
1716 3831 1764 3890 b.

1237 3929 1635 3989 testimonium
1656 3929 1945 4008 perhibuit
1963 3903 2137 4009 *afA
2146 3950 2216 3990 m.

951 4143 1046 4201 33.
1088 4126 1435 4203 ignorabam
1461 4146 1498 4184 a
1527 4127 1561 4186 b
1587 4146 1616 4184 e
1641 4145 1677 4203 q
1710 4125 1815 4206 (cs.
1845 4146 1932 4187 vv.
1968 4128 2063 4199 26,
2095 4124 2217 4206 31).

1173 4224 1508 4284 nesciebam
1515 4225 1583 4302 s
1587 4223 1640 4283 Α
1650 4243 1723 4284 m.

2583 672 2613 731 f
2675 693 2716 752 q
2771 691 2872 731 are
2937 674 3145 749 agreed
3191 675 3428 750 against
3489 673 3642 732 other

2585 769 2894 849 European
2923 778 3091 832 texts.

2381 987 2412 1026 2
2428 985 2472 1025 1.
2513 969 3016 1044 interrogauerunt
3044 986 3178 1027 eum
3185 967 3253 1046 f
3263 986 3299 1044 q
3323 966 3458 1027 Am.

2662 1066 2762 1124 int.
2792 1064 2926 1125 eum
2969 1077 3024 1132 -Ι-
3064 1067 3273 1125 iterum
3299 1085 3352 1124 a.

2966 1176 3021 1231 -ι-
3043 1165 3251 1223 iterum
3271 1164 3529 1224 dicentes
3545 1164 3577 1222 b
3599 1184 3641 1221 e.

2381 1282 2474 1322 22.
2525 1263 2792 1322 dixerunt
2820 1280 2964 1340 ergo
2994 1263 3120 1341 eis
3130 1282 3166 1341 q
3193 1263 3328 1321 Am.
3444 1293 3447 1296 ·

2659 1371 2716 1420 et
2744 1361 2855 1420 dix.
2886 1361 2940 1420 ei
2967 1361 3062 1422 dic
3089 1380 3233 1439 ergo
3260 1381 3314 1421 a.

2658 1468 2716 1518 et
2744 1459 2861 1519 dix.
2892 1460 2986 1519 dic
3017 1477 3162 1537 ergo
3191 1459 3365 1519 nobis
3394 1457 3427 1517 b
3454 1459 3529 1536 cs
3559 1476 3600 1517 e.

2377 1577 2469 1633 23.
2513 1568 2711 1635 parate
2718 1559 2785 1636 s
2795 1575 2847 1633 q.

2654 1656 2875 1734 dirigite
2903 1677 2940 1715 α
2969 1657 3002 1716 b
3028 1678 3055 1715 e
3081 1656 3215 1716 Am.

2377 2067 2466 2123 26.
2496 2064 2727 2124 nescitis
2730 2064 2800 2144 f
2809 2082 2859 2140 q.

2654 2181 2774 2223 non
2805 2162 2960 2222 scitis
2987 2182 3014 2220 e
3047 2161 3174 2221 Am.

2654 2263 2932 2340 ignoratis
2956 2281 2993 2319 a
3022 2260 3070 2319 b.

2371 3458 2464 3514 31.
2509 3438 2842 3499 nesciebam
2847 3437 2915 3516 f
2925 3457 2961 3515 q
2988 3438 3124 3500 Am.

2653 3538 3000 3615 ignorabam
3028 3558 3067 3597 a
3093 3539 3126 3598 b
3152 3559 3194 3597 e.

2369 3754 2464 3811 32.
2499 3734 2953 3796 descendentem
2980 3735 3148 3813 quasi
3176 3735 3511 3797 columbam
3515 3737 3585 3817 f
3594 3757 3631 3815 q

2726 3829 2860 3888 Am.

2645 3939 2947 4006 tamquam
2975 3927 3311 3988 columbam
3340 3927 3497 3989 desc.
3525 3949 3564 3988 a

2649 4027 2795 4086 sicut
2822 4026 3156 4086 columbam
3186 4026 3337 4087 desc.
3365 4027 3414 4086 b.

2644 4135 2709 4185 ut
2743 4125 3080 4185 columbam
3110 4125 3163 4184 d.
3193 4145 3236 4185 e.
