4414 4917
449 3730 461 3742 ’
558 3741 804 3800 dicentis
824 3768 836 3781 ·

563 350 699 397 xm.
726 345 918 412 8-3o.]

314 509 421 559 rol.
441 510 518 561 32.
560 511 771 569 bonam
835 519 894 569 et
923 510 1149 569 dabunt

558 604 804 664 fructum
869 623 1024 681 quae

559 700 693 759 dam
720 700 1047 758 centesimfi
1071 726 1084 740 ·

557 793 632 852 Et
659 794 815 852 aliud
845 795 1160 869 sexagensi

557 906 717 946 mum
743 914 756 928 ·
815 887 894 947 Et
921 888 1079 948 aliud

556 982 908 1040 tricesimum
932 1008 946 1023 ·

556 1075 692 1152 ¹'qui
719 1075 896 1134 habet
925 1093 1095 1136 aures

556 1169 826 1228 audiendi
859 1170 1055 1229 audiat
1077 1196 1090 1211 ·

558 1264 599 1296 ¹⁰
613 1263 690 1324 Et
719 1265 1066 1325 accedentes
1098 1264 1178 1324 ad

558 1376 689 1417 eum
719 1357 985 1435 discipuli
1007 1385 1020 1400 ·

558 1453 818 1511 dixerunt
845 1454 898 1512 ei
961 1471 1080 1530 qua

556 1566 614 1606 re
641 1548 700 1606 in
730 1547 1021 1624 parabolis

557 1641 807 1717 loqueris
834 1642 919 1700 eis
941 1668 954 1681 ·

560 1735 684 1794 ιιΑἱ
711 1735 838 1811 ipse
868 1754 1086 1813 respon

562 1828 705 1888 dens
740 1830 819 1888 ait
846 1830 954 1888 illis
977 1855 990 1869 ·
1053 1829 1191 1907 quia

561 1924 725 1982 uobis
755 1923 954 1982 datum
982 1935 1071 1983 est

560 2036 731 2077 nosse
760 2019 1036 2094 mysteriii

558 2113 721 2188 regni
749 2114 1041 2171 caelorum
1061 2140 1074 2154 ·

561 2206 663 2264 illis
691 2218 886 2265 autem
920 2224 1044 2266 non

561 2310 645 2360 est
671 2302 872 2359 datum
897 2328 910 2341 ·
953 2299 996 2333 ¹²
1013 2301 1113 2379 qui

561 2433 713 2492 enim
743 2433 919 2493 habet
946 2433 1082 2494 dabi

558 2538 646 2586 tur
672 2530 725 2588 ei
783 2538 840 2587 et
866 2528 1101 2587 abunda

562 2623 640 2681 bit
672 2623 749 2683 illi
774 2650 788 2663 ·
853 2623 952 2700 qui
981 2628 1112 2682 aute

562 2735 679 2776 non
709 2716 887 2776 habet
910 2744 923 2756 ·
968 2727 1025 2775 et
1052 2716 1202 2792 quod

561 2809 733 2870 habet
761 2811 1053 2869 auferetur

562 2904 634 2962 ab
662 2923 734 2964 eo
753 2935 766 2949 ·
812 2904 855 2957 .¹³
873 2905 1019 2963 Ideo
1048 2905 1109 2963 in
1139 2924 1217 2982 pa

561 2986 768 3046 rabolis
798 2987 1004 3064 loquor

560 3080 701 3139 illis·
761 3086 904 3158 qfim
939 3081 1117 3140 uiden

559 3182 645 3233 tes
674 3194 796 3234 non
825 3175 1025 3234 uident
1048 3203 1061 3216 ·

558 3266 632 3328 Et
651 3269 950 3328 audientes
980 3288 1100 3329 non

558 3362 829 3421 audiunt·
891 3382 1080 3439 neque

558 3458 927 3533 intellegunt·
971 3457 1017 3490 ¹⁴
1034 3458 1114 3518 Et

559 3553 859 3628 conpletur
884 3552 993 3611 illis
1015 3583 1030 3599 ·

557 3646 833 3723 profetiae
855 3647 1083 3707 aesaiae

906 3746 921 3772 ‘
942 3741 1101 3800 Audi

538 3840 626 3892 ‘tu
654 3836 900 3895 audietis
922 3862 936 3875 ·
980 3848 1039 3897 et
1067 3856 1191 3897 non

535 3930 901 4007 ‘intellegetis
926 3958 938 3971 ·
999 3943 1057 3991 et

534 4039 549 4064 ‘
568 4024 835 4084 uidentes
865 4025 1060 4084 uidebi

531 4122 545 4148 ‘
564 4119 665 4179 tis·
731 4129 790 4177 et
818 4136 945 4177 non
972 4119 1168 4178 uidebi

530 4219 545 4245 ‘
563 4213 692 4272 bitis
716 4239 729 4254 ·
794 4211 841 4246 ¹⁶
860 4213 1119 4273 incrassa

1802 338 1937 397 MA
1958 328 2278 398 TTHEIJ
2294 372 2307 386 ·

1291 513 1443 568 ‘tum
1470 522 1557 570 est
1586 512 1742 570 enim
1771 529 1876 572 cor

1289 597 1304 623 ‘
1322 594 1518 669 populi
1554 593 1755 653 huius·

1289 689 1303 716 ‘
1323 685 1397 745 Et
1423 687 1656 745 auribus
1678 689 1844 764 graui

1288 785 1405 839 ‘ter
1432 781 1735 840 audierunt
1758 809 1770 823 ·

1288 878 1303 907 ‘
1322 872 1397 931 Et
1423 875 1628 934 oculos
1656 894 1794 936 suos
1822 895 1927 953 gra

1286 970 1302 999 ‘
1318 980 1601 1028 uauerunt
1622 996 1636 1009 ·
1701 989 1776 1030 ne

1284 1063 1556 1138 ‘quando
1589 1063 1826 1124 uideant

1287 1157 1502 1215 ‘oculis
1522 1184 1536 1197 ·
1596 1168 1655 1216 et
1683 1159 1804 1219 auri

1285 1252 1301 1281 ‘
1320 1251 1427 1309 bus
1454 1253 1691 1312 audiant
1713 1280 1725 1293 ·
1790 1264 1848 1313 et

1287 1349 1301 1375 ‘
1320 1346 1496 1404 corde
1522 1347 1852 1423 intellegant

1287 1440 1303 1469 ‘
1320 1448 1380 1498 et
1407 1451 1818 1500 conuertantur

1287 1536 1301 1562 ‘
1318 1543 1376 1591 et
1405 1551 1606 1594 sanem
1633 1554 1735 1595 eos
1766 1563 1826 1580 ·-

1310 1624 1353 1659 ¹⁶
1369 1626 1564 1687 Uestri
1592 1639 1785 1689 autem
1814 1631 1888 1690 be

1309 1721 1387 1780 ati
1413 1723 1570 1782 oculi
1628 1730 1770 1799 qum

1309 1816 1540 1875 uident·
1608 1829 1667 1876 et
1694 1830 1852 1879 aure⁸

1312 1916 1454 1988 qfim
1483 1911 1723 1971 audiunt
1746 1940 1758 1954 ·

1313 2004 1357 2037 ¹⁷
1374 2005 1569 2064 Amen
1603 2018 1797 2066 autem
1832 2007 1891 2066 di

1313 2117 1389 2158 co
1413 2100 1584 2159 uobis
1603 2127 1616 2140 ·
1681 2108 1825 2178 qum

1314 2194 1479 2251 multi
1510 2194 1769 2270 profetae

1315 2297 1373 2346 et
1400 2288 1531 2346 iusti
1593 2289 1762 2366 cupie

1314 2428 1447 2478 runt
1479 2419 1673 2480 uidere
1706 2440 1855 2499 quae

1314 2513 1521 2573 uidetis
1547 2526 1606 2574 et
1634 2535 1758 2575 non

1316 2607 1579 2667 uiderunt
1601 2641 1614 2654 ·
1677 2609 1754 2668 Et
1782 2630 1857 2670 au

1315 2701 1435 2759 dire
1464 2720 1613 2779 quae
1641 2706 1878 2763 auditis·

1314 2806 1371 2853 et
1405 2814 1527 2855 non
1563 2799 1900 2857 audierunt·

1314 2888 1357 2920 ¹⁸
1376 2888 1504 2948 Uos
1533 2910 1674 2967 ergo
1703 2893 1895 2952 audite

1314 2985 1653 3060 parabolam
1683 2988 1826 3044 semi

1314 3079 1506 3136 nantis
1526 3105 1539 3118 ·
1586 3075 1630 3112 ¹⁹
1650 3078 1865 3140 Omnis

1313 3172 1593 3231 audientis
1621 3174 1801 3231 uerbil

1313 3267 1477 3341 regni
1504 3276 1562 3325 et
1589 3284 1711 3325 non
1740 3269 1801 3324 in

1313 3360 1631 3435 tellegentis
1655 3386 1666 3399 ·
1727 3380 1802 3421 ue

1313 3454 1396 3512 nit
1422 3454 1611 3513 malus
1638 3464 1696 3514 et
1721 3456 1871 3532 rapit

1314 3548 1474 3626 quod
1504 3550 1788 3609 seminatil

1313 3655 1400 3704 est
1428 3645 1489 3702 in
1518 3645 1695 3704 corde
1722 3647 1822 3705 illo

1316 3758 1445 3798 rum
1470 3765 1483 3778 ·
1544 3740 1638 3798 hic
1670 3751 1757 3799 est

1316 3835 1414 3913 qui
1444 3852 1610 3893 secus
1637 3834 1793 3893 uiam
1821 3853 1882 3895 se

1317 3934 1567 3992 minatus
1596 3941 1682 3990 est
1705 3958 1718 3972 ·

1316 4025 1362 4060 ²⁰
1381 4027 1500 4099 Qui
1529 4037 1721 4085 autem
1751 4045 1924 4105 supra

1317 4132 1551 4198 petrosa
1578 4123 1802 4182 semina

1321 4225 1414 4274 tus
1444 4223 1568 4275 est·
1630 4214 1725 4274 hic
1754 4227 1841 4276 est

2113 512 2213 589 qui
2242 513 2484 570 uerbum
2513 520 2650 572 mefi

2114 606 2274 664 audit
2327 617 2385 666 et
2411 607 2590 665 intelli

2114 700 2197 776 git
2221 724 2233 738 ·
2298 713 2356 759 et
2384 702 2662 762 continuo

2114 812 2251 852 cum
2278 795 2494 871 gaudio
2522 797 2647 855 acci

2116 888 2200 962 pit
2226 888 2364 947 illud
2385 914 2398 929 ·
2457 885 2499 919 ²¹
2518 908 2641 949 non
2669 889 2748 948 ha

2115 981 2214 1039 bet
2247 987 2440 1040 aut'em
2467 983 2527 1040 in
2557 1002 2618 1042 se

2115 1074 2370 1133 radicem
2405 1076 2510 1135 sed
2538 1080 2594 1134 te

2115 1169 2333 1244 poralis
2361 1180 2450 1228 est
2473 1195 2486 1208 ·
2548 1169 2597 1228 F
2599 1188 2669 1231 ac

2116 1271 2175 1321 ta
2210 1272 2402 1321 autem
2436 1264 2587 1323 tribu

2116 1356 2329 1416 latione
2359 1359 2455 1417 uel
2483 1377 2588 1434 per

2117 1452 2412 1511 secutione
2446 1471 2593 1529 prop

2116 1557 2202 1606 ter
2230 1547 2473 1605 uerbum
2496 1579 2508 1593 ·

2115 1641 2399 1699 continuo
2429 1657 2573 1698 scan

2116 1732 2427 1792 dalizatur·
2470 1731 2609 1792 2'At

2116 1827 2206 1886 his
2267 1829 2367 1905 qui
2395 1829 2456 1887 in
2485 1829 2666 1904 spinis

2116 1923 2431 1982 seminatus
2465 1932 2554 1983 est
2656 1968 2663 1976 .

2119 2016 2212 2075 hic
2243 2025 2329 2076 est
2357 2017 2458 2092 qui
2485 2035 2590 2075 uer

2118 2110 2263 2169 bum
2291 2127 2489 2167 meum
2520 2128 2594 2167 au

2121 2205 2205 2264 dit
2227 2235 2241 2248 ·
2301 2212 2357 2261 et
2391 2203 2635 2261 sollicitu

2119 2300 2198 2358 do
2227 2297 2405 2357 seculi
2432 2296 2601 2355 huius

2123 2442 2181 2493 et
2209 2429 2482 2506 uoluptas
2512 2429 2628 2489 diui

2122 2528 2330 2585 tiarum
2359 2524 2607 2582 suffucat

2122 2620 2367 2677 uerbum
2423 2628 2482 2676 et
2499 2618 2621 2676 sine

2123 2713 2311 2772 fructu
2339 2712 2580 2770 efficitur
2604 2744 2616 2758 ·
2646 2720 2723 2758 ⁴·-

2121 2807 2165 2842 ²⁸
2184 2806 2283 2883 qui
2311 2823 2453 2864 uero
2489 2806 2548 2862 in
2578 2815 2662 2863 ter

2122 2919 2247 2959 ram
2278 2901 2498 2965 bonam
2518 2917 2580 2958 se

2120 2995 2371 3052 minatus
2400 3003 2488 3051 est
2510 3018 2523 3032 ·

2122 3088 2213 3145 hic
2243 3096 2331 3145 est
2352 3088 2450 3162 qui
2480 3087 2662 3144 uerbil

2122 3199 2320 3239 meum
2348 3179 2507 3239 audit
2527 3190 2584 3238 et

2119 3274 2378 3350 intelligit
2403 3300 2415 3315 ·
2480 3285 2615 3334 tunc

2121 3369 2287 3427 affert
2314 3378 2373 3426 et
2400 3366 2535 3427 facit

2121 3462 2274 3522 aliud
2304 3463 2541 3541 quidem
2569 3481 2682 3521 cen

2121 3558 2423 3617 tessimum
2448 3584 2459 3597 ·
2509 3556 2664 3616 aliud

2123 3652 2554 3728 sexagesimum
2577 3678 2589 3690 ·
2653 3669 2688 3709 a

2124 3745 2242 3803 liud
2271 3746 2622 3804 tricesimum
2642 3771 2742 3797 ue-

2074 3843 2105 3876 *
2123 3836 2167 3872 ²⁴
2185 3840 2378 3898 Aliam
2408 3838 2727 3915 parabola-

2078 3931 2107 3964 *
2126 3934 2429 4009 proposuit
2457 3931 2567 3989 illis

2078 4027 2107 4060 *
2128 4028 2329 4086 dicens
2349 4052 2362 4065 ·
2430 4025 2628 4085 Simile

2074 4124 2107 4161 *
2126 4132 2214 4182 est
2240 4139 2485 4202 regnum
2514 4120 2679 4179 caelo

2121 4236 2255 4277 rum
2284 4216 2507 4277 homini
2540 4218 2639 4293 qui

3493 362 3572 429 17

2864 514 3173 574 seminauit
3200 518 3359 577 bonu

2867 626 3070 668 semen
3099 610 3158 667 in
3180 629 3323 687 agro

2869 719 3014 761 suo·
3080 700 3127 736 ²⁸
3146 704 3297 763 Cum
3329 710 3461 766 aute

2871 794 3193 856 dormirent
3221 798 3300 857 ho

2870 889 3057 949 mines
3080 917 3092 931 ·
3153 893 3313 951 uenit
3340 893 3358 951 i

2872 984 3119 1043 nimicus
3148 986 3270 1045 eius

2872 1086 2929 1135 et
2957 1078 3264 1138 seminauit

2871 1171 3089 1231 zizania
3115 1173 3176 1232 in
3203 1174 3402 1235 medio

2871 1266 3037 1325 tritici
3098 1277 3155 1325 et
3181 1268 3352 1326 abiit·

2871 1357 2915 1393 ²⁶
2933 1360 3085 1419 Cum
3114 1372 3308 1422 autem
3338 1381 3438 1424 cre

2870 1454 3090 1514 uissent
3118 1454 3300 1515 herba

2871 1557 2930 1606 et
2958 1547 3207 1608 fructum
3238 1549 3379 1609 fecis

2871 1652 3001 1699 sent
3020 1668 3032 1682 ·
3090 1651 3230 1702 tunc
3261 1662 3418 1720 appa

2871 1745 3108 1793 ruerunt
3136 1736 3357 1794 zizania
3383 1762 3399 1777 ·

2872 1825 3284 1887 ²⁷Acceserunt
3313 1835 3447 1889 aute

2875 1923 3026 1981 serui
3056 1923 3233 1998 patris
3260 1922 3318 1982 sa

2873 2017 3062 2075 milias
3119 2026 3177 2075 et
3205 2015 3338 2076 dixe

2873 2120 3007 2168 runt
3034 2109 3088 2168 ei
3109 2136 3122 2150 ·
3201 2110 3317 2169 dfie
3347 2128 3469 2170 non

2872 2221 2947 2261 ne
2976 2204 3196 2261 bonum
3226 2221 3430 2261 semen

2874 2297 3171 2355 seminasti
3199 2297 3259 2355 in
3287 2314 3430 2373 agro

2876 2440 2979 2489 tuo
2998 2456 3011 2471 ·
3075 2429 3232 2488 unde
3261 2446 3402 2506 ergo

2875 2523 3049 2582 habet
3079 2524 3296 2581 zizania
3319 2549 3332 2563 ·

2874 2616 2917 2650 ’Β
2936 2619 3014 2675 At
3036 2618 3127 2676 ille
3156 2617 3233 2675 ait
3248 2617 3362 2676 eis·
3392 2616 3557 2678 inimi

2876 2729 2980 2770 cus
3009 2709 3190 2770 homo
3220 2710 3334 2768 hoc
3364 2709 3418 2769 fe

2877 2805 2955 2864 cit
2978 2830 2992 2845 ·
3054 2804 3214 2862 Serui
3245 2808 3378 2863 aute

2879 2899 3148 2958 dixerunt
3179 2899 3233 2956 ei
3260 2923 3273 2937 ·
3329 2898 3420 2956 uis

2876 3010 3020 3070 ergo
3049 3003 3254 3051 euntes
3282 2992 3378 3052 col

2875 3086 3125 3164 ligamus
3153 3095 3223 3147 ea
3243 3113 3256 3127 ·
3319 3083 3363 3119 ²⁹
3380 3087 3461 3146 At

2877 3180 2969 3239 ille
3000 3181 3078 3239 ait
3097 3207 3109 3221 ·
3172 3198 3296 3239 non
3316 3206 3329 3220 ·
3391 3199 3469 3240 ne

2877 3274 3024 3333 sorte
3053 3274 3393 3351 colligentes

2877 3368 3097 3426 zizania
3156 3368 3387 3427 eradice

2876 3463 2950 3521 tis
2979 3460 3149 3521 simul
3177 3471 3233 3518 et
3261 3461 3374 3518 triti

2878 3572 3013 3615 cum
3037 3585 3050 3599 ·
3109 3554 3153 3586 ³⁰
3171 3552 3348 3612 Sinite
3377 3572 3419 3614 u

2875 3661 3078 3725 traque
3107 3665 3362 3706 crescere

2878 3760 3064 3820 usque
3094 3741 3169 3799 ad
3204 3759 3458 3801 messem
3481 3769 3495 3785 ·

2877 3837 2954 3895 Et
2983 3838 3043 3894 in
3071 3846 3330 3911 tempore
3359 3855 3484 3896 mes

2876 3931 2955 3990 sis
3022 3929 3232 3987 Dicam
3266 3946 3393 3989 mes

2878 4024 3139 4084 soribus·
3202 4022 3397 4100 colligi

2879 4130 2935 4177 te
2966 4120 3218 4194 primum
3242 4118 3364 4178 ziza

2882 4214 2980 4272 nia
3007 4223 3063 4272 et
3092 4212 3318 4289 alligate
3352 4232 3425 4276 ea

3222 4341 3263 4382 D

3590 534 3712 584 ποι.
3736 507 3838 583 εε.’
