4414 4917
1711 431 2166 495 EDJTORJS
2207 433 2338 494 No
2348 433 2574 494 TULA
2586 436 2668 496 E.
3423 449 3543 518 157

843 599 962 653 Fol.
991 598 1092 652 182
1107 599 1162 653 b.
1219 614 1303 654 22.
1340 600 1484 656 nebo
1507 604 1661 672 ηιμ,
1680 606 1998 672 rsuperscr.
2017 620 2161 658 corr.
2178 621 2251 658 m.
2255 608 2320 675 p.
2394 619 2479 673 23.
2516 603 3053 675 circircumspiciens
3072 609 3227 676 ηιμ,
3244 607 3547 661 secundum

983 681 1064 737 cir
1073 683 1430 753 perlineauit
1451 689 1507 738 et
1527 687 1809 754 expunxit
1829 703 1975 740 corr.
2001 692 2145 759 ηιμ

843 779 964 833 Fol.
992 777 1112 832 183.
1166 779 1458 848 Spatiolae
1480 796 1626 849 quae
1647 782 1802 834 inter
1818 783 2044 837 litteras
2067 791 2396 852 cernuntur,
2412 802 2442 839 e
2465 784 2629 838 us‘tiis
2653 786 2716 838 in
2741 783 3066 838 membrana
3071 784 3255 853 fiunt.
3328 800 3414 855 30.
3437 803 3546 841 uen

981 863 1047 915 in
1070 872 1303 918 uenturo
1327 867 1600 933 superscr.
1626 882 1770 919 corr.
1795 870 1938 937 ηιμ

841 958 886 1011 F
890 959 960 1014 ol.
990 958 1092 1012 183
1107 961 1161 1015 b.
1217 974 1302 1028 32.
1342 961 1480 1014 Erat
1508 977 1581 1013 m.
1590 965 1673 1031 μ,
1702 980 1739 1016 n
1763 966 2038 1032 superscr.
2063 980 2206 1018 corr.
2227 966 2372 1034 ηιμ
2460 977 2547 1031 34.
2584 963 2632 1016 S
2621 963 2879 1033 patiolae
2908 965 3063 1019 inter
3084 963 3309 1018 litteras
3329 983 3359 1020 e
3382 966 3546 1019 uitiis

980 1043 1044 1096 in
1068 1044 1393 1098 membrana
1391 1045 1573 1114 fiunt.

842 1138 961 1192 Fol.
992 1137 1108 1192 184.
1162 1150 1246 1207 35.
1283 1150 1367 1194 ter
1390 1140 1454 1192 in
1478 1140 1744 1210 magister
1765 1142 1832 1196 in
1854 1159 2065 1197 rasura
2088 1142 2264 1212 gister
2285 1144 2562 1213 scriptum
2586 1149 2671 1197 est
2692 1160 2729 1196 a
2753 1146 2898 1214 ηιμ
2959 1157 3045 1211 37.
3070 1158 3151 1213 39.
3190 1143 3441 1199 sinitram
3460 1184 3473 1198 .
3496 1184 3509 1197 .
3531 1185 3544 1197 .

981 1220 1201 1276 dierunt
1227 1226 1391 1293 ηιμ,
1419 1240 1446 1278 s
1473 1263 1486 1276 .
1516 1264 1528 1277 .
1557 1264 1569 1277 .
1596 1241 1632 1276 x
1654 1228 1929 1294 superscr.
1954 1242 2099 1281 corr.
2125 1228 2269 1296 ηιμ

841 1317 885 1370 F
889 1317 959 1371 ol.
992 1317 1096 1371 184
1110 1318 1165 1372 b.
1219 1330 1306 1387 45.
1344 1318 1418 1373 In
1459 1322 1720 1390 margine
1758 1322 2031 1391 scriptum
2072 1327 2157 1376 est
2195 1338 2372 1376 manu
2410 1335 2441 1374 2
2488 1322 2559 1377 de
2600 1338 2750 1378 ceco.
2847 1336 2934 1389 47.
2975 1339 3241 1378 nazoreus
3283 1326 3445 1394 ηιμ,
3488 1341 3547 1380 n.

980 1405 1257 1472 superscr.
1280 1419 1423 1456 corr.
1451 1406 1595 1473 ηιμ

840 1497 885 1550 F
888 1497 958 1551 ol.
988 1495 1106 1552 185.
1148 1497 1231 1551 11.
1276 1511 1318 1551 1.
1355 1497 1511 1552 Ante
1545 1500 1619 1553 Et
1658 1516 1786 1554 cum
1823 1501 2054 1571 sempsit
2087 1517 2161 1553 m.
2188 1515 2221 1554 2
2248 1501 2281 1556 1·
2307 1499 2435 1567 inc-:3
2470 1500 2770 1570 eademque
2805 1517 3013 1556 manus
3047 1500 3111 1557 in
3147 1504 3411 1575 margine
3446 1504 3541 1558 ad-

968 1582 1170 1650 posuit
1192 1580 1448 1636 dominec
1474 1581 1530 1635 in
1556 1582 1721 1637 oliuo.
2592 1581 2604 1592 ⁴

839 1677 884 1730 F
888 1677 958 1730 ol.
987 1674 1105 1729 186.
1163 1690 1244 1731 ιο.
1294 1695 1327 1732 e
1367 1679 1431 1731 in
1483 1677 1708 1733 nomine
1760 1678 2019 1746 (secundo
2070 1677 2210 1746 Ioco)
2255 1694 2329 1732 ex
2372 1678 2388 1731 i
2444 1681 2693 1733 correxit
2740 1682 2882 1750 ηιμ
2970 1680 3076 1734 Ad
3110 1681 3294 1750 finem
3346 1698 3545 1736 uersus

977 1761 1204 1830 scripsit
1227 1778 1300 1814 m.
1327 1775 1358 1814 2
1388 1761 1573 1816 finem.
1651 1776 1674 1817 1
1689 1777 1732 1816 1.
1770 1779 2040 1832 uespaera
2078 1766 2244 1833 ηιμ,
2256 1763 2515 1833 priorem
2552 1781 2587 1817 a
2612 1762 2968 1833 perlineauit
3002 1770 3060 1818 et
3086 1766 3368 1834 expunxit
3399 1782 3545 1820 corr.

978 1846 1125 1914 ηιμ
1205 1858 1284 1898 12.
1322 1844 1525 1900 exisset
1552 1862 1624 1899 m.
1628 1850 1713 1917 μ,
1741 1864 1768 1901 s
1791 1850 2065 1915 superscr.
2090 1863 2236 1900 corr.
2263 1849 2412 1916 ηιμ

837 1942 882 1995 F
886 1940 955 1995 01.
986 1941 1102 1995 187.
1142 1955 1227 1995 21.
1265 1941 1397 1995 arbr
1419 1945 1580 2011 ηιμ,
1606 1959 1641 1996 o
1663 1946 1937 2012 superscr.
1963 1959 2107 1996 corr.
2132 1945 2278 2011 ηιμ
2366 1956 2451 2010 23.
2488 1941 2677 1997 tollere
2700 1958 2731 1995 e
2754 1941 2930 1997 tollire
2955 1944 3202 1997 correxit
3223 1947 3371 2014 ηιμ

838 2038 957 2094 Fol.
987 2036 1089 2091 187
1103 2038 1158 2092 b.
1213 2050 1298 2103 27.
1338 2038 1658 2092 sacrdotum
1684 2042 1845 2109 ηιμ,
1865 2055 1898 2093 e
1921 2041 2196 2107 superscr.
2216 2054 2360 2092 corr.
2377 2042 2522 2107 ηιμ
2584 2051 2669 2107 33.
2695 2038 3007 2107 respndens
3032 2041 3194 2108 ηιμ,
3213 2054 3248 2092 o
3266 2042 3541 2108 superscr.

977 2138 1119 2176 corr.
1146 2124 1289 2191 ηιμ

837 2218 882 2271 F
886 2218 957 2271 ol.
981 2217 1098 2271 189.
1158 2217 1241 2271 12.
1285 2231 1365 2283 14.
1403 2233 1643 2287 prsonas
1669 2220 1830 2286 ηιμ,
1856 2234 1888 2272 e
1911 2219 2186 2287 superscr.
2211 2233 2357 2271 corr.
2382 2219 2531 2285 ηιμ

837 2314 882 2367 F
885 2314 954 2368 ol.
984 2312 1086 2367 189
1100 2313 1155 2366 b.
1216 2327 1297 2382 19.
1334 2329 1494 2367 semu
1521 2317 1684 2382 ηιμ,
1704 2330 1736 2368 e
1753 2316 2028 2382 superscr.
2046 2330 2189 2367 corr.
2216 2315 2361 2382 ηιμ
2434 2326 2521 2378 24.
2557 2310 2904 2382 respondens
2921 2310 3279 2382 crepondens
3297 2314 3546 2367 correxit

976 2400 1141 2468 ηιμ,
1170 2413 1197 2451 s
1225 2397 1290 2449 in
1313 2396 1578 2468 margine
1600 2396 1825 2450 addens.
1927 2444 1944 2451 ,
2077 2415 2085 2423 ·

840 2494 883 2546 F
886 2493 956 2548 ol.
987 2492 1104 2548 190.
1157 2505 1242 2558 27.
1281 2492 1411 2547 εεάἔ
1439 2533 1452 2546 .
1479 2532 1492 2546 .
1520 2533 1533 2546 .
1559 2493 1729 2548 eratis
1767 2496 1934 2563 ηιμ,
1973 2492 2012 2547 d
2038 2532 2050 2545 .
2079 2533 2092 2546 .
2121 2531 2133 2546 .
2159 2511 2189 2546 r
2225 2495 2499 2562 superscr.
2536 2508 2680 2546 corr.
2718 2495 2861 2562 ηιμ
2958 2505 3045 2559 30.
3081 2501 3139 2548 et
3170 2494 3237 2546 in
3280 2493 3541 2563 margine

975 2575 1201 2630 addidit
1220 2592 1364 2630 corr.
1390 2580 1534 2647 ηιμ
1612 2590 1693 2642 31.
1731 2594 1762 2631 c
1788 2578 1852 2630 in
1877 2575 2005 2630 huic
2029 2577 2094 2629 in
2117 2593 2233 2629 ras.
2258 2578 2471 2647 sm'pm
2493 2581 2577 2628 est
2598 2593 2635 2629 a
2659 2579 2805 2646 ηιμ

777 2737 780 2742 ⁴
841 2673 883 2725 F
888 2672 958 2727 ol.
989 2671 1091 2726 190
1108 2672 1162 2726 b.
1217 2685 1301 2739 32.
1341 2672 1414 2726 illi
1444 2670 1644 2738 scriba,
1670 2673 1752 2727 sic
1774 2674 1917 2742 ηιμ
1943 2677 2012 2725 ut
2033 2672 2192 2726 credo
2211 2691 2233 2726 .·
2258 2671 2333 2725 ini
2358 2675 2547 2725 autem
2571 2670 2636 2724 in
2662 2670 2751 2725 ille
2775 2672 3023 2725 correxit
3037 2675 3175 2742 ηιμ
3189 2687 3351 2739 corr„
3371 2676 3542 2741 atque

973 2757 1151 2809 erasit
1174 2773 1202 2810 s
1226 2755 1414 2808 eadem
1423 2755 1637 2825 forsan
1662 2772 1885 2809 manus.

836 2853 881 2906 F
885 2853 956 2906 ol.
988 2850 1106 2905 191.
1164 2851 1248 2921 38.
1286 2850 1472 2907 uidete
1508 2868 1583 2905 ex
1613 2850 1788 2907 uidite
1823 2851 2074 2906 correxit
2107 2854 2251 2921 ηιμ
2273 2866 2418 2905 corr.
2510 2863 2598 2920 39.
2637 2848 2910 2906 conuiuiis
2945 2866 3022 2904 ex
3051 2849 3277 2936 conuiiffi
3296 2849 3544 2905 correxit

978 2938 1122 3004 ηιμ

835 3019 956 3074 Fol.
996 3018 1093 3072 191
1123 3018 1178 3072 b.
1239 3018 1320 3071 13.
1348 3032 1397 3072 2.
1435 3035 1499 3072 ru
1537 3018 1602 3072 in
1641 3017 1962 3073 destruatur
1992 3019 2056 3070 in
2085 3034 2200 3074 ras,
2225 3018 2500 3087 smsstum
2538 3022 2622 3072 est
2658 3034 2697 3070 a
2738 3021 2883 3088 ηιμ
2958 3032 3007 3087 3.
3044 3027 3259 3072 mntem
3297 3020 3459 3088 ηιμ,
3503 3034 3538 3071 o

973 3104 1247 3172 superscr.
1273 3118 1417 3156 corr.
1443 3105 1588 3171 ηιμ

833 3198 974 3253 Fon.
1004 3198 1123 3266 191,
1143 3196 1262 3262 192.
1301 3197 1349 3250 S
1337 3198 1594 3267 patiolae
1617 3197 1901 3268 longiores
1922 3213 2068 3266 quae
2090 3198 2248 3250 inter
2268 3197 2439 3251 uerba
2463 3203 2519 3250 et
2539 3195 2763 3250 litteras
2786 3196 2849 3249 in
2874 3195 3144 3266 kissoliis
3165 3195 3260 3250 hic
3280 3195 3405 3250 illic
3424 3212 3535 3250 cer·

972 3286 1212 3350 utentur,
1237 3299 1267 3336 e
1291 3282 1453 3335 uitiis·
1475 3282 1539 3335 in
1564 3280 1889 3334 membrana
1913 3286 2064 3335 sunt.

833 3381 878 3434 F
882 3379 952 3433 ol.
983 3377 1085 3432 192
1100 3379 1154 3433 b.
1215 3392 1295 3447 13.
1332 3376 1512 3432 etritis
1550 3379 1712 3447 ηιμ,
1748 3393 1780 3431 e
1815 3378 2089 3446 superscr.
2123 3392 2268 3431 corr.
2303 3378 2446 3444 ηιμ
2545 3388 2625 3441 14.
2664 3374 2780 3445 qud
2816 3377 2980 3444 ηιμ,
3013 3391 3047 3428 o
3084 3346 3358 3443 superscr.
3391 3390 3537 3427 corr.

973 3479 1047 3515 ηι
1104 3501 1117 3516 .

835 3558 952 3614 Fol.
982 3464 1101 3612 1931?
1152 3572 1240 3611 20.
1277 3566 1366 3611 tos
1401 3558 1466 3610 in
1501 3558 1709 3611 electos
1744 3555 1958 3625 (primo
2000 3554 2136 3623 loco)
2170 3571 2210 3607 a
2246 3557 2393 3624 ηιμ
2426 3554 2712 3619 omissum,
2737 3551 2964 3606 addidit
2995 3551 3059 3604 in
3096 3553 3356 3621 margine
3390 3567 3534 3606 corr.

972 3643 1121 3711 ηιμ
1194 3655 1280 3694 22.
1319 3639 1623 3710 ρεεοάοκῇί
1651 3657 1680 3693 e
1704 3638 2013 3709 pseudoxpi
2039 3639 2290 3692 correxit
2308 3653 2450 3691 corr.
2476 3639 2620 3706 ηιμ

834 3737 879 3790 F
883 3737 953 3791 ol.
983 3735 1085 3790 193
1102 3736 1157 3790 b.
1213 3737 1299 3791 28.
1339 3735 1395 3790 in
1425 3735 1682 3806 (secundo
1709 3734 1845 3803 Ioco)
1871 3753 1908 3788 a
1933 3737 2082 3805 ηιμ
2108 3734 2396 3798 omissum,
2422 3730 2647 3784 addidit
2668 3731 2733 3784 in
2759 3730 3020 3800 margine
3042 3744 3185 3782 corr.
3211 3732 3355 3799 ηιμ

836 3833 953 3887 Fol.
983 3832 1102 3886 194.
1142 3833 1229 3887 14.
1254 3847 1304 3887 2.
1342 3849 1376 3886 o
1400 3834 1464 3886 in
1488 3833 1632 3886 festo
1657 3848 1731 3886 ex
1750 3847 1845 3884 um
1869 3831 2115 3885 correxit
2137 3831 2303 3899 ηιμ,
2320 3826 2596 3882 eradendo
2621 3844 2678 3881 m
2701 3832 2757 3882 et
2779 3844 2814 3881 u
2831 3827 2897 3878 in
2920 3841 2955 3879 o
2980 3824 3293 3890 mutando,·
3327 3826 3537 3896 quippe

973 3916 1325 3971 festumultus
1349 3917 1636 3987 inceperat
1655 3915 1890 3969 scribere
1913 3916 2057 3982 ηιμ

835 4011 953 4066 Fol.
982 4009 1084 4064 194
1099 4010 1153 4064 b.
1210 4022 1256 4079 5.
1283 4025 1333 4080 9.
1371 4011 1455 4066 dri
1484 4050 1498 4064 .
1525 4051 1538 4064 .
1567 4051 1579 4064 .
1606 4010 1720 4080 qud
1745 4013 1906 4079 ηιμ,
1933 4027 1968 4063 a
1994 4048 2007 4062 .
2034 4048 2048 4062 .
2075 4047 2088 4062 .
2114 4024 2149 4062 o
2172 4009 2447 4077 superscr.
2472 4022 2614 4059 corr.
2640 4009 2788 4075 ηιμ

836 4107 954 4161 Fol.
984 4106 1101 4161 195.
1159 4121 1179 4161 1
1195 4121 1239 4160 1.
1275 4123 1404 4161 eum
1428 4115 1561 4161 tune
1585 4105 1815 4159 incuria
1837 4122 1875 4157 a
1899 4107 2036 4173 ηιμ
2055 4104 2331 4174 scriptum
2344 4100 2701 4172 perlineauit
2721 4106 2778 4155 et
2796 4100 3080 4170 expunxit
3095 4115 3238 4153 corr.
3255 4102 3391 4170 ηιμ
3451 4115 3531 4155 12.

975 4191 1158 4261 pacha
1182 4193 1344 4260 ηιμ,
1373 4207 1400 4244 s
1423 4194 1696 4259 superscr.
1722 4204 1865 4242 corr.
1891 4191 2036 4256 ηιμ

839 4290 957 4345 Fol.
984 4289 1086 4346 195
1104 4290 1158 4345 b.
1202 4304 1283 4359 19.
1320 4300 1586 4360 coperunt
1611 4290 1776 4357 ηιμ,
1800 4305 1832 4342 e
1855 4289 2130 4357 superscr.
2156 4303 2299 4341 corr.
2326 4289 2470 4356 ηιμ
