4414 4917
493 485 617 535 Pol.
641 485 732 535 88.

775 317 857 365 20

779 482 898 533 tem
928 473 1083 533 solus
1109 492 1272 533 orare
1298 499 1310 513 ·

780 568 1038 644 Uespere
1070 578 1263 625 autem
1290 566 1381 625 sac

780 672 842 722 to
873 662 1027 721 solus
1055 672 1177 719 erat
1206 661 1282 718 ibi
1306 688 1317 700 ·

780 758 824 790 ²⁴
844 754 1132 814 Nauicula
1160 764 1354 812 autem

780 851 896 907 iam
926 849 982 906 in
1011 849 1207 907 medio
1235 848 1382 906 mari

782 944 1099 1001 iactabatur
1127 941 1285 1000 flucti

783 1039 924 1096 bus·
971 1045 1091 1094 erat
1118 1035 1274 1095 enim

785 1130 893 1188 illis
922 1140 1133 1187 uentus
1162 1146 1277 1188 con

786 1224 989 1282 trarius
1047 1220 1251 1298 ”quar

708 1324 711 1327 ’
786 1327 847 1376 ta
874 1328 1068 1376 autem
1097 1316 1287 1392 uigilia

791 1411 980 1471 noctis
1007 1411 1169 1469 uenit
1196 1410 1274 1469 ad

790 1527 894 1569 eos
923 1507 1228 1567 ambulans
1258 1525 1326 1566 su

790 1621 896 1681 per
925 1620 1083 1661 mare
1107 1632 1120 1646 ·
1164 1599 1207 1634 ’⁶
1223 1602 1280 1660 ui

792 1698 996 1756 dentes
1025 1705 1217 1754 autem
1245 1696 1341 1754 illu

794 1809 970 1867 supra
996 1807 1154 1847 mare
1184 1808 1282 1847 am

795 1885 1091 1944 bulantem
1120 1893 1212 1941 tur

796 1979 916 2038 bati
946 1987 1079 2036 sunt
1106 1976 1277 2036 dicen

796 2083 884 2131 tes
911 2072 1050 2148 quia
1076 2070 1266 2129 santas

796 2183 897 2225 ma
926 2174 1045 2224 est·
1090 2176 1148 2223 et
1174 2182 1210 2223 a
1239 2164 1280 2222 ti

798 2276 963 2318 more
992 2257 1333 2316 exclamaue

801 2399 969 2449 runt·
1012 2387 1279 2449 ”Statim

804 2485 1035 2544 locutus
1063 2495 1151 2542 est
1176 2485 1284 2543 illis

801 2579 892 2637 ihs
925 2578 1161 2638 dicens·
1207 2596 1324 2638 con

732 2687 739 2692 ’
803 2683 1019 2731 stantes
1047 2682 1230 2732 estote

803 2784 918 2842 ego
953 2783 1083 2825 sum
1119 2766 1296 2825 nolite
1324 2765 1366 2824 ti

802 2877 961 2918 mere
981 2883 994 2897 ·
1039 2856 1082 2890 ¹⁸
1103 2859 1359 2935 Respon

803 2953 948 3013 dens
972 2949 1169 3011 'autem
1198 2953 1251 3011 ei
1280 2970 1356 3029 pe

804 3058 927 3107 trus
956 3046 1098 3105 dixit
1118 3072 1131 3084 ·
1175 3046 1288 3103 dfie

808 3140 857 3199 si
886 3151 949 3199 tu
976 3157 1040 3198 es
1068 3140 1202 3198 iube
1231 3156 1327 3196 me
1355 3155 1430 3197 ue

807 3234 929 3292 nire
958 3251 994 3293 a
1022 3244 1079 3291 te
1108 3251 1279 3309 super
1308 3251 1343 3290 a

809 3346 1022 3404 quarn·
1067 3324 1207 3386 ”At
1234 3328 1359 3404 ipse

809 3423 887 3482 ait
913 3422 991 3484 illi
1019 3422 1153 3481 ueni
1175 3453 1189 3467 ·
1232 3420 1311 3480 Et
1338 3420 1443 3479 des

811 3517 1070 3576 cendens
1100 3526 1297 3592 petrus

811 3610 884 3670 de
914 3610 1182 3670 nauicula
1209 3628 1306 3668 am

810 3704 1047 3763 bulabat
1077 3722 1249 3779 super
1277 3721 1313 3762 a

812 3817 991 3876 quam
1022 3809 1083 3857 ut
1111 3799 1332 3856 ueniret

814 3893 891 3952 ad
921 3892 1042 3951 ihm
1062 3917 1075 3931 ·
1120 3891 1166 3924 ⁸⁰
1181 3892 1387 3951 uidens

810 4003 953 4045 uero
982 3997 1223 4046 uentum
1252 4003 1330 4044 ua

809 4079 993 4138 lidum
1020 4081 1233 4138 timuit·
1277 4078 1355 4138 Et

813 4190 949 4231 cum
977 4175 1268 4250 coepisset
1296 4191 1418 4232 mer

1350 4269 1435 4342 gie

2068 304 2440 366 SECUND
2464 334 2478 350 ·

1530 473 1820 534 Clamauit
1847 476 2045 535 dicens

1529 571 1644 628 dfie
1674 570 1833 628 salua
1860 588 1955 629 me
1977 597 1989 610 ·

1531 663 1571 696 ³¹
1592 674 1649 722 et
1677 665 1953 724 continuo
1982 664 2070 721 ihs
2122 658 2151 670 ‘⁹

1534 758 1854 817 extendens
1884 764 2065 815 mansi
2086 793 2099 807 ·

1535 851 1951 929 adpraehendit
1979 859 2052 911 eii

1536 955 1594 1005 et
1621 946 1699 1004 ait
1733 945 1810 1003 illi
1835 971 1847 984 ·
1888 946 2049 1004 modi

1539 1059 1607 1099 ce
1637 1039 1771 1098 fidei
1800 1058 1977 1116 quare
2007 1040 2085 1098 du

1537 1134 1730 1192 bitasti
1748 1160 1760 1173 ·
1806 1132 1849 1165 ⁸²
1865 1132 1941 1192 Et
1970 1152 2105 1193 cum

1540 1228 1898 1286 ascendisset
1924 1228 1982 1285 in
2013 1245 2090 1286 na

1538 1321 1792 1379 uiculam
1820 1321 2071 1380 cessauit

1541 1425 1785 1473 uentus·
1829 1414 1987 1490 ³‘'qui
2017 1419 2152 1473 aute

1456 1513 1461 1520 '
1542 1507 1603 1565 in
1631 1507 1897 1565 nauicula
1924 1518 2087 1566 erant
2110 1534 2123 1548 ·

1544 1611 1830 1660 uenerunt
1857 1611 1914 1659 et
1942 1602 2058 1660 ado

1544 1705 1813 1754 rauerunt
1839 1713 1974 1754 eum
2005 1695 2061 1753 di

1544 1800 1745 1849 centes
1822 1808 1958 1848 uere
1987 1789 2027 1847 fi

1547 1882 1658 1942 lius
1687 1883 1745 1940 di
1774 1902 1838 1941 es
1862 1911 1873 1923 -
1902 1910 2015 1940 -ω,

1500 1974 1530 2010 *
1549 1975 1685 2034 MEt
1713 1996 1850 2036 cum
1880 1988 2037 2038 trans

1500 2069 1531 2102 *
1548 2069 1880 2129 fretassent·

1501 2162 1532 2195 *
1548 2175 1832 2224 uenerunt
1859 2166 1919 2223 in
1947 2175 2031 2224 ter

1502 2255 1532 2288 ¹⁸²
1552 2277 1676 2317 ram
1703 2259 2091 2335 gennezareth
2112 2285 2124 2298 ·

1551 2390 1597 2422 ⁸⁵
1614 2402 1672 2450 et
1700 2410 1835 2449 cum
1863 2391 2145 2469 cognouis

1555 2497 1684 2545 sent
1711 2505 1844 2544 eum
1874 2487 1980 2545 uiri
2009 2487 2125 2545 loci

1555 2581 1703 2640 illius
1723 2607 1735 2621 ·
1773 2581 2052 2639 miserunt

1557 2676 1619 2733 in
1646 2675 1979 2733 uniuersam
2009 2693 2071 2733 re

1554 2770 1790 2844 gionem
1822 2768 2010 2826 illam·

1555 2873 1612 2920 et
1641 2862 1970 2938 optulerunt
2001 2862 2054 2922 ei

1556 2974 1763 3016 omnes
1790 2957 1940 3014 male
1970 2957 2048 3014 ha

1559 3051 1763 3108 bentes
1825 3050 1868 3081 ³⁶
1886 3061 1943 3109 et
1974 3068 2116 3126 roga

1558 3145 1701 3202 bant
1786 3153 1848 3201 ut
1875 3145 1967 3202 uel
1997 3144 2097 3202 fim

1561 3239 1760 3297 bream
1788 3240 2072 3297 uestimen

1562 3335 1602 3391 ti
1632 3333 1753 3391 eius
1781 3344 2084 3409 tangerent
2108 3359 2120 3372 ·

1562 3436 1622 3487 et
1649 3427 1999 3504 quicumque
2029 3438 2085 3487 te

1564 3522 1816 3597 tigerunt
1845 3521 1988 3578 salui

1564 3615 1699 3674 sacti
1728 3626 1861 3673 sunt
1882 3642 1981 3657 ·—

1566 3715 1666 3770 15.
1690 3710 1709 3741 ¹
1729 3709 1902 3768 Tunc
1925 3720 2264 3768 acceserunt

1568 3803 1643 3863 ad
1674 3804 1795 3862 ihm
1824 3805 1899 3862 ab
1927 3803 2087 3863 hiero

1570 3898 1806 3974 solymis
1834 3900 2056 3958 scribae

1569 3993 1627 4050 et
1658 3993 1880 4052 farisaei
1908 3994 2077 4053 dicen

1569 4096 1657 4145 tes
1678 4113 1691 4126 ·
1733 4085 1948 4163 ’quare
1977 4088 2064 4146 dis

1569 4181 1740 4257 cipuli
1770 4183 1848 4240 tui
1876 4192 2033 4240 trans

2334 475 2668 552 grediuntur
2688 501 2701 515 ·
2723 483 2810 532 tra

2336 571 2584 628 ditiones
2612 569 2775 627 senio

2336 683 2496 722 rum·
2543 681 2664 722 non
2691 669 2789 720 eni

2337 759 2535 817 lauant
2562 774 2772 815 manus

2272 872 2284 881 ·
2339 870 2472 911 suas
2501 869 2635 910 cum
2665 854 2818 927 pane

2340 945 2727 1004 manducant.
2778 943 2890 1019 ³Ip

2340 1058 2402 1098 se
2431 1049 2623 1097 autem
2652 1055 2864 1113 respon

2342 1134 2489 1192 dens
2517 1133 2596 1190 ait
2624 1131 2732 1190 illis
2751 1156 2765 1169 ·

2343 1246 2522 1304 quare
2550 1244 2659 1285 uos
2688 1227 2808 1285 sine
2840 1226 2899 1283 in

2309 1321 2570 1380 ‘tellectu
2597 1320 2731 1379 estis
2760 1320 2820 1378 in

2344 1414 2685 1473 mandatum
2714 1412 2776 1471 di

2345 1518 2583 1585 propter
2611 1507 2799 1566 traditi

2348 1620 2525 1662 onem
2553 1613 2808 1661 uestram
2833 1625 2846 1639 ·

2347 1698 2370 1731 ⁴
2388 1697 2476 1755 Ds
2520 1696 2677 1754 enim
2706 1695 2845 1753 dixit
2871 1693 2950 1751 ho

2351 1808 2496 1850 nora
2525 1798 2749 1866 patrem
2783 1794 2883 1847 tufi

2353 1893 2409 1942 et
2439 1894 2685 1942 matrem
2714 1893 2874 1941 tuam
2893 1908 2906 1921 ·

2352 1977 2430 2036 Et
2460 1978 2559 2053 qui
2588 1976 2951 2035 maledixerit

2354 2071 2500 2149 patri
2527 2071 2621 2129 uel
2649 2070 2817 2128 matri

2354 2175 2539 2224 morte
2566 2165 2842 2222 moriatur
2863 2199 2876 2211 ·

2353 2258 2375 2291 ⁸
2393 2257 2519 2317 Uos
2548 2268 2741 2316 autem
2771 2257 2954 2315 dicitis
2978 2283 2990 2296 ·

2358 2391 2709 2468 quicumque
2738 2390 2872 2448 dixe

2359 2488 2429 2545 rit
2456 2488 2603 2562 patri
2631 2486 2724 2544 uel
2754 2505 2852 2544 ma

2359 2581 2428 2639 tri
2458 2598 2669 2638 munus
2696 2578 2855 2655 quod

2360 2693 2395 2732 a
2425 2692 2518 2733 me
2549 2674 2880 2732 melioratus

2360 2768 2532 2827 fueris
2552 2795 2564 2808 ·
2609 2769 2630 2800 ⁶
2648 2778 2705 2826 et
2734 2786 2856 2826 non

2361 2861 2683 2922 honorifica

2361 2957 2444 3015 bit
2473 2965 2698 3032 patrem

2365 3068 2533 3109 suum
2562 3061 2618 3108 et
2652 3054 2836 3108 matre

2365 3163 2532 3203 suam
2610 3153 2668 3202 et
2695 3144 2866 3202 inritii

2366 3239 2576 3297 fecistis
2606 3256 2745 3298 man

2368 3334 2568 3391 datum
2597 3332 2656 3390 di
2684 3350 2833 3408 prop

2368 3437 2453 3485 ter
2482 3426 2850 3485 traditionem

2369 3532 2631 3579 uestram
2655 3546 2667 3559 ·
2711 3520 2733 3553 ⁷
2751 3519 2937 3597 Hypo

2369 3615 2538 3673 crite·
2584 3616 2734 3673 bene
2764 3633 2872 3689 pro

2370 3707 2565 3766 setauit
2592 3708 2665 3767 de
2693 3710 2890 3768 uobis¹

2370 3803 2554 3861 esaias
2582 3802 2814 3862 dicens·

2370 3897 2391 3929 ⁸
2410 3896 2895 3972 adpropinquauit

2373 3991 2513 4048 mihi
2541 3991 2708 4067 plebs
2738 3990 2880 4050 haec

2374 4102 2475 4143 ore
2505 4102 2610 4144 suo
2638 4095 2694 4142 et
2722 4084 2889 4143 labiis

2374 4197 2469 4238 me
2506 4179 2833 4239 honorat-

3279 308 3442 374 [le.
3463 313 3683 374 23-XV.
3709 312 3787 362 16.

3086 491 3188 531 cor
3215 482 3409 530 autem
3437 490 3641 530 eorum

3084 565 3263 642 longe
3293 584 3356 624 es
3389 585 3424 624 a
3454 585 3549 625 me
3569 592 3582 605 ·
3629 565 3651 598 ⁹
3670 563 3732 623 Si

3088 678 3162 718 ne
3192 678 3366 718 causa
3396 660 3592 719 colunt

3089 771 3185 811 me
3213 753 3494 812 docentes
3523 754 3636 812 doc

3088 848 3269 906 trinas
3298 847 3571 905 mandata

3093 941 3400 1000 hominum
3421 972 3435 986 ·
3461 971 3477 986 ·

3093 1033 3138 1066 ¹⁰
3155 1032 3232 1093 Et
3260 1051 3532 1093 conuoca

3093 1128 3165 1187 tis
3192 1128 3374 1186 turbis
3402 1128 3545 1186 dixit

3096 1223 3210 1281 eis·
3257 1223 3469 1280 Audite
3497 1232 3556 1281 et
3583 1223 3674 1279 in·

3094 1316 3357 1392 telligite·
3400 1313 3441 1346 ¹¹
3462 1333 3585 1374 non

3096 1410 3255 1486 quod
3285 1410 3457 1468 intrat
3485 1410 3648 1468 intrat

3096 1505 3156 1562 in
3183 1521 3252 1564 os
3286 1503 3625 1578 coinquinat

3099 1597 3402 1656 hominem
3483 1597 3599 1655 Sed

3100 1691 3259 1767 quod
3294 1691 3556 1767 procedit
3585 1690 3656 1750 de

3101 1804 3203 1845 ore
3232 1785 3345 1843 hoc
3378 1786 3612 1861 coinqui

3102 1889 3202 1937 nat
3231 1878 3530 1938 hominem
3554 1911 3565 1924 ·
3590 1911 3601 1925 ·

3105 1974 3147 2007 ¹²
3166 1972 3339 2032 Tunc
3368 1973 3714 2032 accedentes

3103 2066 3368 2143 discipuli
3401 2067 3525 2125 eius
3552 2067 3650 2125 dix

3105 2172 3274 2220 erunt
3304 2161 3356 2218 ei
3381 2187 3393 2200 ·
3444 2161 3573 2219 Scis

3107 2254 3267 2332 quod
3295 2254 3517 2313 farisaei
3545 2272 3620 2312 au

3109 2387 3234 2446 dito
3261 2387 3377 2446 hoc
3408 2388 3590 2445 uerbo

3111 2482 3487 2541 scandalizati
3519 2492 3650 2539 sunt
3670 2507 3682 2520 ·

3110 2575 3154 2607 ¹³
3172 2575 3264 2634 ille
3294 2586 3488 2634 autem
3516 2592 3732 2651 respon

3112 2669 3260 2728 dens
3288 2671 3399 2727 ait·
3445 2668 3566 2729 Om

3114 2764 3205 2822 nis
3236 2764 3518 2839 plantatio
3549 2795 3561 2808 ·

3113 2875 3292 2933 quam
3319 2875 3441 2915 non
3472 2857 3670 2933 planta

3113 2952 3195 3010 uit
3225 2961 3388 3028 pater
3416 2969 3580 3009 meus

3115 3046 3378 3105 caelestis
3406 3046 3564 3106 eradi

3118 3141 3341 3198 cabitur
3365 3178 3378 3191 .
3423 3138 3468 3172 ¹⁴
3487 3140 3668 3198 Sinite

3119 3234 3252 3293 illos
3282 3235 3464 3294 duces
3495 3246 3627 3293 sunt

3120 3330 3282 3388 caeci
3310 3347 3621 3388 caecorum
3640 3355 3652 3367 ·

3121 3423 3349 3483 Caecus
3378 3433 3570 3482 autem
3600 3423 3646 3481 si
3676 3441 3778 3482 cae

3122 3536 3194 3576 co
3224 3517 3498 3575 ducatum
3530 3535 3662 3592 pres

3123 3621 3205 3670 tat
3300 3611 3480 3669 ambo
3510 3611 3571 3669 in
3597 3609 3661 3670 fo

3125 3723 3294 3763 ueam
3324 3704 3567 3763 cadent·

3122 3799 3168 3831 ¹⁸
3188 3798 3576 3875 Respondens
3603 3802 3735 3857 aute

3127 3904 3322 3971 petrus
3350 3893 3491 3951 dixit
3519 3893 3604 3951 ei·

3125 4005 3330 4046 enarra
3360 3986 3527 4046 nobis
3556 4004 3632 4062 pa

3128 4081 3386 4140 rabolam
3416 4081 3581 4139 istam

3127 4175 3290 4235 ¹⁶Ihs
3319 4187 3513 4235 autem
3544 4175 3686 4234 dixit
3711 4175 3796 4235 eis
3816 4202 3829 4215 ·

3812 473 3940 522 1⁸01.
3966 472 4059 519 89.
